1784 3201
885 229 935 266 14,

224 339 277 379 vit
320 341 428 381 Doct.
471 341 591 380 Ruehl
634 342 659 382 l.
703 343 728 382 l.
771 341 992 381 Plutarchus
1033 341 1066 380 ei
1107 355 1256 393 parvam
1299 341 1408 380 fidem
1442 340 1590 380 tribuit.

223 409 319 446 Eum
350 410 479 447 citavit
509 422 573 459 cap
619 409 717 447 VIII
748 411 790 456 5,
820 409 923 447 XIII
955 409 989 455 7,
1020 409 1154 446 XXVI
1186 411 1226 455 l,
1255 409 1428 448 XXXVI
1457 412 1499 457 3,
1528 411 1592 448 sed

224 477 373 516 videtur
401 478 508 516 etiam
530 478 611 516 aliis
639 478 730 517 locis
759 492 802 516 eo
825 492 913 516 usus
940 491 1017 516 esse
1045 477 1268 517 Plutarchus
1287 492 1319 516 v.
1342 492 1372 518 c.
1394 479 1530 517 XXIX
1551 483 1588 524 1,

225 560 378 585 narrans
418 547 597 585 Periclem
628 547 712 584 odio
743 547 895 585 ductum
924 548 964 585 in
992 547 1186 585 Cimonem
1223 547 1333 585 huius
1371 549 1449 586 filio
1479 549 1594 587 Lace-

226 614 422 653 daemonio
452 616 575 654 decem
605 620 751 654 tantum
782 630 891 654 naves
920 615 1081 663 dedisse,
1118 621 1160 654 ut
1189 629 1270 653 eum
1301 617 1484 666 perderet.

281 684 387 731 Quae
415 685 555 723 insulsa
575 685 735 723 narratio
757 685 864 735 plane
884 685 1024 723 redolet
1045 685 1152 723 istius
1171 684 1287 723 libelli
1307 685 1522 736 scriptorem
1547 686 1592 738 1).

279 752 380 791 VIII
428 756 462 793 5.
495 767 567 804 quo
596 754 676 792 loco
706 758 955 792 memorantur
985 753 1093 792 verba
1124 753 1304 805 quaedam
1332 754 1507 792 orationis
1536 754 1594 793 fu-

227 822 351 859 nebris
395 836 503 871 quam
550 824 680 861 habuit
717 825 876 862 Pericles
911 825 949 862 in
990 825 1163 861 honorem
1199 837 1389 862 caesorum
1424 825 1462 863 in
1495 824 1593 862 bello

227 890 362 930 Samio.
419 891 523 939 Quae
564 893 673 931 verba
714 893 820 944 plane
862 893 1088 932 conveniunt
1126 892 1259 944 Lysiae
1287 893 1387 943 Epit.
1419 907 1454 944 p.
1502 894 1588 933 198.

226 960 461 1011 Quapropter
502 962 625 999 Ruehl
669 963 878 1011 suspicatur
920 962 1055 1012 Lysiae
1099 962 1319 999 sententiam
1355 962 1498 1011 Pericli⁴
1528 962 1593 1000 ad-

225 1029 398 1081 scriptam
429 1045 519 1070 esse.

280 1100 398 1137 XXII
421 1102 454 1138 7.
486 1100 750 1137 Stesimbrotus
771 1100 951 1138 Periclem
973 1104 1121 1137 accusat
1144 1100 1275 1149 flagitii
1297 1099 1463 1145 nefandi,
1494 1100 1592 1149 quod

226 1167 446 1206 Plutarchus
475 1168 606 1207 acriter
641 1167 823 1218 repudiat.

280 1238 413 1275 XXVI
455 1242 488 1275 l.
526 1242 648 1275 narrat
685 1238 864 1275 Periclem
894 1237 935 1274 in
964 1237 1059 1274 bello
1089 1237 1232 1283 Samio,
1266 1238 1354 1274 dum
1383 1237 1496 1274 Samii
1526 1238 1593 1275 ob·

226 1305 452 1353 sidebantur,
485 1305 593 1343 Samo
623 1304 751 1343 relicta
779 1304 818 1342 in
849 1304 1010 1355 Cyprum
1039 1304 1251 1354 navigasse,
1279 1308 1372 1356 ὅπερ
1406 1307 1451 1345 οὐ
1486 1306 1594 1345 δοκεῖ

225 1379 404 1414 πιθανὸν
435 1374 557 1417 εἶναι,
591 1379 634 1412 ut
662 1374 741 1411 iure
771 1374 996 1411 Plutarchus
1020 1373 1128 1411 dicit.
1187 1374 1350 1411 Auctore
1381 1373 1594 1424 Thucydide

224 1441 244 1478 I
276 1443 377 1488 116,
401 1443 438 1479 3.
469 1441 660 1491 navigavit
689 1446 731 1478 ut
759 1442 1025 1491 aggrederetur
1053 1441 1205 1479 classem
1226 1441 1475 1487 Phoenicum,
1505 1455 1597 1492 quae

228 1510 359 1548 Samiis
392 1510 531 1548 auxilio
561 1511 717 1549 veniret.
747 1509 804 1548 Cf.
835 1510 943 1549 Diod.
975 1510 1046 1548 Sic.
1077 1509 1169 1548 XII.
1197 1511 1258 1549 27.

280 1579 452 1616 XXXVI
491 1581 526 1618 3.
566 1580 700 1617 iterum
739 1580 820 1630 agit
861 1580 905 1617 de
935 1580 1088 1618 Periclis
1117 1593 1239 1617 amore
1267 1580 1305 1618 in
1335 1581 1402 1618 filii
1431 1594 1594 1618 uxorem.

227 1648 325 1686 Fieri
356 1653 479 1699 potest
518 1655 559 1687 ut
597 1650 707 1688 etiam
750 1649 865 1698 (VIII
907 1651 946 1700 3)
987 1649 1262 1688 narratiuncula
1300 1649 1344 1687 de
1383 1649 1520 1687 Pericle
1558 1653 1594 1687 et

227 1716 441 1768 Thucydide
468 1731 511 1756 ex
539 1718 608 1756 hoc
636 1718 730 1756 libro
759 1723 881 1757 sumta
910 1719 969 1757 sit.
1000 1718 1103 1756 Libri
1124 1718 1291 1768 scriptor,
1322 1718 1490 1769 quisquis
1519 1723 1593 1764 est,

227 1787 420 1836 collegisse
450 1787 596 1825 videtur
624 1801 679 1825 res
710 1788 966 1826 memorabiles
994 1802 1086 1838 quae
1115 1788 1326 1826 ferebantur
1356 1788 1400 1824 de
1429 1787 1503 1825 illis
1523 1787 1594 1824 cla·

226 1855 276 1892 ris
306 1856 411 1902 viris3
451 1860 488 1893 et
518 1857 732 1906 praesertim
762 1857 861 1907 quod
890 1857 936 1894 ad
967 1857 1143 1894 Periclem
1173 1857 1327 1903 attinet,
1360 1857 1476 1894 multa
1503 1856 1593 1893 hau-

226 1924 315 1962 sisse
343 1938 363 1961 e
392 1924 553 1962 comicis.
612 1925 666 1962 De
699 1925 835 1974 quibus
865 1925 934 1963 iam
967 1925 1168 1963 videamus.

281 1993 331 2031 Hi
364 2007 490 2032 omnes
519 1994 657 2031 acriter
685 1994 826 2032 invecti
857 1999 944 2032 sunt
972 1994 1010 2032 in
1033 1994 1234 2038 Periclem,
1263 2008 1369 2044 quem
1400 1994 1517 2033 varias
1547 1994 1594 2033 ob

228 2075 352 2099 causas
391 2062 475 2099 odio
515 2062 841 2112 persequebantur.
900 2063 981 2114 Ipse
1021 2077 1041 2099 a
1078 2062 1230 2101 Cratino
1267 2064 1307 2101 in
1337 2076 1482 2101 scenam
1512 2076 1593 2114 pro-

227 2130 360 2168 ductus
400 2144 478 2168 esse
517 2131 666 2177 dicitur,
705 2137 763 2176 et,
805 2132 843 2169 ni
883 2131 999 2175 fallor,
1036 2136 1119 2181 apta
1148 2136 1225 2169 erat
1253 2132 1407 2169 Periclis
1436 2145 1592 2182 persona

228 2212 318 2248 quae
348 2199 512 2249 prodiret
541 2200 578 2237 in
609 2213 753 2237 scenam
781 2200 955 2237 comicam
987 2200 1286 2238 Atheniensium.
1319 2199 1384 2237 Vir
1410 2199 1495 2246 ille,
1516 2212 1591 2236 om-

229 2267 330 2305 nium
370 2268 506 2306 civium
545 2268 736 2319 princeps,
777 2282 884 2319 quem
919 2268 959 2314 in
988 2268 1066 2306 foro
1095 2268 1262 2319 quotidie
1291 2268 1465 2323 videbant
1495 2268 1592 2307 cives

227 2338 354 2375 eodem
374 2331 517 2388 semper
538 2339 642 2376 vultu
663 2352 789 2376 sereno
810 2339 977 2392 serioque
996 2338 1119 2376 omnia
1140 2327 1445 2387 investigantem,
1466 2337 1593 2375 eodem

225 2406 327 2456 gravi
366 2406 511 2445 incessu
548 2411 722 2454 euntem3
761 2412 947 2457 strategus
976 2407 1251 2445 strenuissimus
1280 2411 1317 2444 et
1345 2393 1591 2457 prudentissi-

227 2488 331 2518 mus,
372 2488 478 2524 quem
518 2476 636 2513 vereri
671 2476 837 2513 solebant
848 2492 858 2522 ς
889 2480 1011 2513 orator
1040 2489 1224 2522 summus,
1254 2475 1336 2512 Iovi
1365 2474 1516 2512 tonanti
1547 2473 1595 2510 si-

226 2543 348 2590 milis,
379 2557 399 2581 a
427 2558 499 2594 quo
528 2544 575 2582 ad
603 2544 725 2582 omnia
754 2557 997 2595 quaecunque
1030 2543 1157 2591 vellet,
1197 2543 1330 2583 adduci
1351 2543 1450 2581 soliti
1468 2546 1590 2589 erant,

268 2704 296 2745 1>
321 2703 364 2731 Cf.
388 2702 460 2731 Cim.
483 2712 543 2740 cap.
566 2703 646 2736 XVI.
688 2703 777 2732 'Phua
802 2703 827 2732 1.
849 2704 898 2735 45.
