1784 3201
923 257 973 295 32

266 366 428 406 factione
456 369 713 408 ostracismum
743 369 954 408 adhibitum
984 382 1079 417 esse,
1110 382 1223 420 quum
1252 373 1426 420 putarent
1455 369 1632 409 Periclem

265 437 416 488 pulsum
453 438 514 477 iri.
574 439 654 478 Hoc
691 452 818 478 verum
857 453 938 478 esse
977 439 1068 478 mihi
1105 452 1178 477 non
1217 451 1429 488 persuasum
1463 442 1530 476 est.
1594 439 1632 478 Si

261 507 361 546 enim
404 508 630 546 attendimus
658 508 703 546 ad
728 512 876 559 tempus
906 508 1017 546 huius
1045 506 1267 553 ostracismi,
1307 505 1473 545 videmus
1500 506 1540 544 id
1569 521 1631 557 op-

260 579 463 625 portunum
502 576 616 614 fuisse
655 576 808 622 Pericli,
851 576 914 627 qui
949 576 1071 626 paullo
1099 579 1186 613 aute
1215 573 1338 612 dubiis
1365 573 1404 611 in
1434 574 1543 612 rebus
1572 588 1632 625 pa·

261 643 369 681 triam
400 650 618 683 servaverat.
678 645 759 683 Hoc
786 644 1055 695 Thucydidem,
1087 644 1204 683 virum
1236 642 1476 694 prudentem,
1505 642 1632 693 fugere

262 724 335 749 non
370 713 507 762 potuit.
563 713 753 762 Quantum
791 717 915 764 posset
945 713 1124 759 Pericles,
1155 711 1321 750 Cimonis
1350 710 1518 749 exsilium
1547 723 1631 765 P.¹'⁰‘

261 779 423 820 baverat.
480 782 551 821 Res
580 796 665 821 vero
694 782 833 822 ineerta
861 787 928 821 est.

315 848 422 897 Quae
459 850 504 889 de
542 851 768 902 Thucydidis
797 852 874 890 vitu
898 851 1103 902 posteriore
1131 850 1354 896 traduntur,
1384 849 1629 888 incertissima

260 922 366 966 sunt3
391 919 495 958 nulla
521 920 618 959 enim
644 925 793 972 praesto
819 925 876 960 est
901 920 1054 960 materia
1083 933 1155 972 qua
1186 920 1230 959 ad
1259 919 1361 958 illam
1392 917 1629 957 enarrandam

260 991 423 1035 utamur,
468 989 542 1026 nisi
585 982 665 1027 duo'
696 990 767 1028 loci
805 990 1068 1041 Aristophanis
1107 1002 1221 1040 eaque
1250 1002 1345 1039 quae
1373 1001 1394 1025 a
1424 986 1630 1025 Scholiistis

260 1060 468 1096 narrantur.
526 1057 577 1096 Hi
605 1058 674 1097 loci
707 1059 913 1098 accuratius
942 1059 1089 1098 tractati
1120 1063 1206 1097 sunt
1236 1072 1256 1096 a
1285 1057 1346 1096 W.
1376 1054 1541 1095 Ribbeck
1561 1054 1627 1095 l.1.

257 1137 290 1174 p.
326 1125 401 1163 235
432 1139 484 1177 sq.
511 1126 556 1164 ad
586 1127 741 1165 Acharn.
769 1129 846 1165 664
875 1128 1002 1178 (703).
1057 1127 1123 1166 Off.
1153 1126 1263 1177 Vesp.
1291 1126 1395 1164 947.-

314 1191 386 1231 Illo
415 1193 497 1232 loco
528 1195 702 1244 (Acharn.
735 1197 828 1247 664)
859 1196 1028 1247 queritur
1055 1209 1184 1236 senum
1215 1196 1360 1240 chorus,
1393 1209 1430 1234 se
1458 1209 1523 1247 pro
1553 1209 1628 1234 me-

260 1262 342 1301 ritis
372 1277 446 1302 non
477 1264 546 1302 coli
575 1265 614 1303 in
644 1271 847 1313 senectute,
870 1266 935 1304 sed
964 1271 1092 1305 contra
1122 1266 1269 1304 iniuriis
1297 1265 1391 1304 offici
1420 1279 1441 1303 a
1473 1265 1628 1303 iuniori-

261 1330 350 1378 bus,
382 1336 461 1370 tum
492 1333 544 1370 sic
572 1334 714 1384 pergit:

367 1408 419 1452 τῷ
449 1406 523 1454 γάρ
555 1406 655 1449 εἰκός
683 1405 814 1455 ἄνδρα
845 1407 969 1452 κυφὸν
999 1404 1135 1453 ἣλικον
1167 1403 1419 1453 Θουκυδίδην

366 1472 573 1517 ἐξολέσθαι
604 1473 887 1523 συμπλακέντα
921 1480 968 1524 τῇ
997 1475 1176 1513 Σκυθῶν
1207 1474 1346 1523 ἐρημίᾳ

368 1540 467 1590 τῷδε
498 1547 551 1592 τῷ
584 1543 850 1593 Κηφισοδήμῳ
878 1548 931 1590 τῷ
964 1542 1070 1593 λάλῳ
1099 1544 1329 1592 ξυνηγόρῳ;

366 1607 457 1648 ὥστ’
488 1611 561 1658 ἐγώ
592 1613 662 1660 μὲν
692 1611 837 1662 ἠλέησα
867 1612 1167 1661 κάπεμορξάμην
1200 1611 1295 1650 ἰδών

364 1677 495 1725 ἄνδρα
525 1681 744 1730 πρεσβύτην
773 1681 840 1717 ὑπ’
872 1679 1014 1729 α’νδρὸς
1045 1681 1207 1725 τοξότου
1238 1681 1487 1728 κυκώμενον·

363 1748 405 1791 ὃς
433 1748 487 1795 μὰ
517 1750 589 1796 τὴν
621 1751 809 1799 Δήμητρ’,
847 1750 994 1794 ἐκεῖνος
1024 1747 1127 1798 ἡνίκ’
1158 1746 1204 1797 ἦν
1237 1747 1500 1798 Θουκυδίδης,

365 1815 448 1854 οὐδ’
478 1819 529 1854 ἂν
561 1819 685 1865 αὐτὴν
717 1820 788 1865 τὴν
822 1817 1004 1868 Ἀχαίαν
1036 1816 1178 1865 ῥᾳδίως
1208 1817 1407 1867 ἠνέσχετο,

364 1883 466 1923 ἀλλὰ
497 1884 759 1924 κατεπάλαισε
789 1887 861 1935 μὲν
892 1884 929 1934 γ’
958 1888 1010 1924 ἂν
1041 1888 1196 1935 πρῶτον
1226 1884 1438 1929 Εὐάθλους
1468 1884 1579 1927 δέκα,

367 1956 578 2004 κατεβόησε
609 1953 644 1992 δ’
674 1958 726 1993 ἄν
759 1956 958 2004 κεκραγὼς
990 1955 1153 2000 τοξότας
1182 1953 1435 2005 τριςχιλίους,

367 2021 659 2071 περιέτόξευσεν
690 2021 724 2058 δ’
743 2025 795 2061 ἂν
825 2022 945 2062 αὐτοῦ
976 2028 1042 2061 τοῦ
1073 2025 1219 2072 πατρὸς
1247 2024 1334 2068 τούς
1355 2024 1554 2072 ξυγγενεῖς
1577 2022 1623 2073 l).

301 2163 372 2190 Loco
402 2171 468 2190 vero
492 2163 636 2191 Plutarchi
665 2165 800 2200 leguntur
825 2164 907 2192 haec:
933 2165 1020 2200 μετὰ
1046 2163 1084 2192 δὲ
1112 2165 1173 2202 τὴν
1200 2163 1417 2193 Θουκτδιίδου
1445 2164 1624 2194 κατάλυσιν

257 2221 313 2248 καὶ
340 2218 399 2248 τὸυ
434 2218 652 2260 ὀστράκισμον
685 2220 745 2250 οὐκ
774 2220 899 2250 ἐλάττω
928 2222 993 2251 τῶν
1015 2221 1268 2251 πεντεκαίδεκα
1290 2222 1372 2252 ἐτῶν
1395 2239 1432 2244 —
1455 2222 1562 2263 ἀρχὴν
1587 2238 1623 2243 -

257 2277 470 2315 κτησάμενος.
513 2277 541 2304 Si
565 2277 629 2305 huic
656 2277 730 2310 loco,
755 2277 937 2311 confidimus,
963 2287 1123 2315 anuumque
1149 2287 1204 2315 quo
1226 2278 1348 2307 Pericles
1368 2283 1495 2307 mortuus
1519 2280 1571 2313 sit,
1598 2288 1624 2308 a.

255 2333 313 2361 429
349 2342 407 2362 esse
433 2332 600 2370 accipimus,
623 2332 800 2370 Thucydides
828 2337 860 2362 ⁸⁰
883 2335 943 2363 444
966 2333 1063 2371 pulsus
1083 2333 1120 2362 sit
1143 2343 1254 2363 necesse
1276 2338 1327 2364 est.
1372 2334 1414 2364 Ad
1437 2335 1511 2364 hunc
1532 2335 1622 2364 locum

253 2391 351 2418 statim
377 2389 541 2418 redibimus,

298 2445 325 2480 1)
349 2444 457 2479 Verba,
490 2444 645 2479 συμπλακ
694 2448 735 2482 τῇ
768 2444 879 2473 ΣκυθΔ
914 2446 1034 2484 ἐρημίᾳ
1073 2446 1159 2474 variis
1192 2446 1280 2474 modis
1314 2446 1444 2483 explicita
1478 2450 1553 2474 sunt.
1598 2447 1619 2472 A

253 2499 403 2528 schoiinsta
426 2500 481 2528 sic:
504 2500 579 2528 ἐπεὶ
606 2499 791 2538 θηριώδεις
814 2501 849 2529 αἱ
871 2501 1005 2540 ε’ρημίαι
1030 2502 1095 2530 τῶν
1118 2501 1278 2530 Σκυθῶν.
1304 2501 1378 2530 ἀντὶ
1405 2503 1462 2530 τοῦ
1489 2500 1620 2540 ὀλέθρῳ

254 2557 312 2583 καὶ
344 2560 457 2589 κακοῖς
491 2555 732 2592 συμπλακέντα
761 2575 784 2578 -
817 2556 886 2586 ἔστι
911 2556 950 2586 δὲ
973 2559 1138 2597 παροιμία
1161 2559 1180 2596 ἡ
1203 2557 1352 2587 Σκυθῶν
1374 2557 1504 2596 ἐρημία.
1547 2556 1620 2585 Satis

254 2614 319 2647 apta
352 2611 420 2639 mihi
454 2620 514 2639 esse
547 2611 662 2641 videtur
698 2612 766 2641 haec
803 2613 1015 2650 i11terpretuti03
1055 2613 1258 2651 Aristophanes
1300 2613 1452 2651 proverbio
1488 2612 1619 2642 hocloco

256 2667 346 2695 utitur
381 2672 410 2696 ut
433 2668 517 2696 simul
549 2669 653 2697 referat
675 2671 708 2697 ad
732 2669 984 2706 Cephisodemum,
1007 2669 1185 2706 sagittarium
1212 2669 1397 2698 nominatum.
1441 2667 1619 2696 Recentiores

253 2721 301 2750 alii
333 2722 395 2751 aliis
428 2723 518 2751 modis
550 2725 700 2761 explicant.
746 2725 891 2754 Dixerunt
916 2723 1108 2763 Thucydidem
1131 2724 1159 2752 in
1182 2723 1326 2762 Scythiam
1349 2723 1427 2758 iisse,
1452 2722 1495 2751 vel
1517 2731 1581 2751 eum
1603 2731 1623 2770 u
