1784 3201
941 246 989 282 20

333 358 387 398 Eo
425 364 589 409 tempore
627 372 715 397 sane
752 358 988 408 Megarenses
1029 358 1084 396 his
1127 357 1291 398 versibus
1333 358 1386 397 uti
1416 372 1490 397 non
1520 364 1646 409 potue-

279 432 390 474 runt,
431 440 543 477 quum
587 427 712 465 fabula
741 427 997 477 Aristophanis
1027 427 1172 465 demum
1202 440 1299 465 anno
1329 429 1406 465 425
1437 428 1474 465 in
1504 441 1648 465 scenam

280 496 392 536 ducta
420 501 490 534 est.

334 565 439 602 Haec
467 564 741 602 narratiuncula
769 564 828 601 cui
859 568 965 614 poeta
985 564 1062 614 ipse
1082 565 1188 602 fidem
1210 565 1349 604 nullam
1369 565 1518 610 habuit,
1551 566 1650 614 (nam

279 634 351 672 alio
393 634 475 672 loco
504 633 595 672 alias
625 647 753 672 causas
783 633 951 684 tradidit)
993 648 1013 672 a
1043 634 1201 684 posteris
1230 633 1390 673 libenter
1417 640 1566 685 accepta
1594 640 1649 673 est

280 707 318 739 et
347 703 507 752 repetita
532 703 579 751 l).
637 702 753 739 Vetas
794 716 921 739 causas
951 703 1062 748 belli,
1094 717 1183 753 quas
1214 703 1368 741 tradidit
1395 703 1648 754 Thucydides,

280 775 387 822 poeta
423 770 585 809 comicus
626 784 825 809 memorare
863 771 999 810 noluit.
1057 771 1140 810 Hoc
1178 772 1305 810 comici
1334 785 1407 810 non
1437 776 1535 811 esset
1563 785 1649 810 con-

280 840 389 878 traria
431 840 642 890 quaerentis
672 844 710 878 et
738 840 906 878 ridicula.
963 841 1107 878 Bellum
1146 841 1260 888 illud,
1281 842 1400 891 -quod
1439 841 1647 879 tremefecit

280 910 492 956 Graeciam,
532 914 654 947 ortum
693 923 772 947 esse
800 909 931 960 fingit,
963 914 1155 960 postquam
1192 903 1296 961 'rapta
1324 915 1412 949 sunt
1441 911 1512 950 tria
1552 925 1649 949 scor-

280 979 371 1017 tilla.
430 979 489 1016 Ita
530 992 605 1016 rem
636 979 825 1028 proposuit
855 984 897 1016 ut
926 979 1017 1016 risui
1048 979 1174 1028 populi
1204 979 1363 1018 traderet
1392 984 1513 1029 partes
1541 979 1648 1017 belli-

281 1060 398 1084 cosas.
472 1045 643 1084 Ceterum
682 1047 760 1084 fieri
804 1051 951 1097 potest,
1007 1053 1049 1084 ut
1090 1047 1162 1085 tale
1206 1048 1294 1098 quid
1339 1048 1477 1088 factum
1521 1049 1570 1086 sit
1612 1054 1649 1086 et

280 1116 479 1153 adversarii
509 1115 682 1161 Periclis,
714 1116 814 1164 pacis
843 1121 1030 1161 amantes,
1062 1130 1207 1154 omnem
1238 1130 1383 1166 operam
1413 1118 1579 1155 dederint
1607 1122 1649 1155 ut

281 1184 420 1234 populo
450 1176 650 1235 probarent
679 1183 816 1222 bellum
846 1183 892 1222 ob
921 1196 1050 1234 parvas
1079 1197 1205 1222 causas
1234 1190 1271 1223 et
1302 1185 1530 1236 singulorum
1552 1199 1648 1223 com-

281 1254 384 1292 modi
415 1254 538 1304 gratia
567 1266 646 1291 csse
676 1258 809 1291 ortum.

333 1323 555 1361 Plutarchus
590 1321 774 1360 dubitavit
803 1321 893 1371 quid
924 1321 1051 1360 harum
1077 1335 1198 1360 rerum
1221 1322 1406 1369 crederet,
1442 1323 1530 1374 quid
1564 1322 1647 1360 reii-

280 1396 387 1429 ceret.

335 1459 483 1498 Praeter
512 1459 609 1497 locos
639 1459 775 1497 citatos
804 1458 1022 1497 Plutarchus
1051 1464 1228 1498 memorat
1247 1460 1406 1499 comicos
1427 1474 1505 1511 cap.
1527 1459 1641 1498 XIII.

282 1531 319 1567 6.
354 1531 559 1579 δεξάμενοι
590 1531 630 1567 δὲ
663 1533 730 1568 τὸν
753 1530 869 1577 λόγον
902 1533 939 1568 οἱ
973 1534 1133 1579 κωμικοὶ
1164 1531 1314 1578 πολλὴν
1343 1531 1549 1577 ἀσέλγειαν
1582 1533 1649 1569 αὺ-

281 1606 347 1639 τοῦ
378 1599 671 1638 κατεσκέδασαν
703 1600 756 1643 εἴς
787 1615 826 1637 τε
857 1605 927 1647 τὴν
959 1601 1179 1638 Μενίππου
1209 1605 1382 1646 γυναῖκα
1413 1598 1647 1650 διαβάλλον-

281 1685 342 1713 τες
372 1684 409 1706 κ.
433 1684 470 1706 τ.
497 1667 519 1705 λ
562 1666 611 1716 2).

334 1737 385 1773 Et
401 1735 511 1772 etiam
528 1734 618 1785 Cap.
641 1735 729 1774 VII.
753 1736 789 1773 3.
819 1735 883 1784 ὑφ’
905 1735 963 1785 ἧς,
982 1738 1108 1786 ὥσπερ
1139 1738 1265 1776 ἔοικεν
1294 1738 1557 1787 ἐξυβρίσαντα
1579 1739 1646 1775 τὸν

282 1805 403 1854 δῆμον
426 1806 464 1844 οἱ
484 1805 755 1854 κωμῳδόποιοι
778 1805 933 1851 λέγουσι
955 1809 1188 1855 πειθάρχειν
1209 1805 1341 1844 οὐκέτι
1362 1805 1524 1854 τολμᾶν,
1546 1804 1648 1842 ἀλλὰ

526 1931 692 1960 ἐντεῦθεν
715 1933 746 1961 οἱ
772 1931 942 1971 Μεγαρῆς,
967 1932 1024 1961 ἐι’τε
1050 1933 1095 1971 δὴ
1120 1930 1255 1962 ’πείνων
1277 1933 1401 1971 βάδην.

529 1989 810 2023 Λακεδαιμονίων
833 1990 989 2022 ἐδέοντο,
1013 1990 1053 2017 τὸ
1075 1987 1212 2028 ψήφισμ’
1234 1989 1320 2022 ὅπως

531 2047 786 2084 μεταστραφείη
809 2045 848 2073 τὸ
873 2045 931 2074 διὰ
953 2047 1011 2079 τὰς
1035 2045 1264 2085 λαικαστρίας.

531 2101 597 2129 Οὐκ
620 2101 792 2138 ἠθέλομεν
816 2099 849 2129 δ’
881 2104 974 2140 ἡμεῖς
997 2102 1163 2137 δεομένων
1185 2101 1362 2135 nondam-

531 2159 723 2187 κάντεῦθεν
745 2158 814 2196 ἤδη
835 2159 985 2196 πάταγος
1009 2151 1049 2196 ἧν
1072 2158 1137 2187 τῶν
1160 2158 1320 2187 ἀσπίδων.

326 2214 353 2249 l)
380 2214 443 2243 Pac.
467 2214 536 2244 572.
560 2224 602 2253 sq.
624 2213 692 2242 dicit
717 2213 833 2242 Phidiae
855 2223 938 2242 causa
961 2214 1064 2243 bellum
1087 2217 1239 2243 excitatum
1261 2224 1320 2242 esse
1342 2224 1357 2242 a
1382 2213 1496 2242 Pericle.

324 2271 352 2306 2)
379 2271 422 2300 Of.
446 2270 537 2299 Cobet
560 2280 675 2309 prosop.
699 2270 771 2299 Xen.
796 2279 822 2307 p.
846 2269 894 2300 79.

327 2327 360 2354 Et
384 2327 452 2364 Cup.
477 2327 565 2356 VIII.
589 2327 615 2356 2.
645 2329 681 2357 αἱ
703 2327 818 2362 μέντοι
840 2326 1014 2365 κωμῳδίαι
1038 2327 1103 2354 τῶν
1126 2326 1204 2355 τότε
1222 2325 1437 2355 διδασκάλοιν
1452 2325 1584 2363 σπουδῇ
1609 2335 1646 2353 τε

282 2382 405 2416 πολλὰς
431 2385 486 2411 καὶ
517 2384 602 2418 μετὰ
631 2383 770 2422 γέλωτος
801 2383 982 2418 ἀφεικότων
1004 2383 1109 2417 φωνὰς
1131 2384 1180 2416 εἰς
1204 2383 1307 2412 αὐτὸν
1329 2383 1385 2410 ἐπὶ
1411 2382 1455 2422 τῷ
1479 2381 1567 2420 λόγῳ
1589 2383 1647 2416 μά4

284 2439 380 2468 λιστα
405 2442 465 2478 τὴν
491 2444 720 2479 προσωνυμίαν
750 2440 914 2478 γενέσθαι
950 2439 1109 2478 δηλοῦσι,
1142 2442 1332 2479 βροντᾷν
1360 2437 1419 2474 μὲν
1453 2436 1556 2466 αὐτὸν
1590 2438 1646 2465 καὶ

282 2498 565 2535 ἀστράπτειν,
602 2497 653 2526 ὅτε
688 2499 910 2537 δημηγοροίη,
941 2497 1086 2526 δεινὸν
1123 2495 1167 2525 δὲ
1197 2495 1399 2534 κεραυνὸν
1424 2495 1463 2523 ἓν
1489 2493 1647 2533 γλώσσῃ

282 2554 425 2592 φέρειν
456 2553 618 2592 λεγόντων
663 2572 700 2575 —
732 2555 834 2590 Agitur
858 2555 891 2582 de
919 2554 1035 2582 Periclis
1055 2553 1222 2590 cognomine
1244 2551 1386 2589 Olympii,
1408 2551 1476 2579 illud
1499 2552 1647 2590 βροντᾶν

283 2613 338 2640 καὶ
363 2611 567 2650 ἀστράπτειν
598 2615 705 2648 spectat
728 2610 762 2638 ad
787 2611 931 2647 Aristoph.
956 2610 1079 2639 Acharn.
1102 2609 1170 2638 530.
1192 2608 1338 2636 cuiusnam
1362 2608 1481 2636 alterum
1504 2607 1647 2644 fragmen-

285 2676 341 2694 ιιιιιι
366 2669 420 2700 sit,
447 2668 546 2696 nescio.
590 2667 741 2700 Ceterum,
770 2665 842 2702 quod
866 2667 890 2692 ei
924 2665 993 2693 illud
1024 2674 1179 2701 cognomen
1202 2668 1290 2699 esset,
1317 2663 1431 2691 comicis
1452 2672 1519 2690 ansa
1543 2663 1595 2690 fuit
1617 2666 1647 2691 ut

283 2732 343 2750 eum
370 2722 495 2750 luderent
521 2731 688 2760 quamquam
716 2720 757 2749 vix
782 2720 834 2748 dici
860 2725 950 2758 potest
974 2720 1109 2749 Periclem
1134 2719 1189 2747 illis
1213 2719 1303 2747 verbis
1327 2717 1422 2747 rideri.
