1772 3188
179 1053 379 1104 Incipienti
409 1053 498 1092 mihi
526 1053 566 1091 in
596 1057 756 1092 mentem
785 1054 940 1092 veniunt
969 1053 1077 1091 verba
1105 1053 1200 1091 Livii
1222 1055 1413 1105 „querelae
1432 1078 1483 1083 -—

127 1122 171 1160 ab
198 1121 557 1161 initio—absint:''
576 1122 648 1160 nisi
675 1136 883 1173 persuasum
914 1122 1081 1160 haberem
1112 1135 1195 1160 eum
1221 1136 1304 1161 vere
1325 1123 1484 1169 dixisse,

125 1192 277 1231 fortasse
311 1192 462 1230 lectores
504 1191 692 1231 obruerem
735 1192 912 1241 querelis,
950 1192 1073 1242 quales
1112 1191 1271 1241 proferre
1301 1193 1397 1230 solet
1432 1193 1484 1239 is,

126 1261 184 1298 cui
213 1261 440 1310 propositum
475 1264 531 1298 est
555 1261 682 1310 procul
711 1274 731 1296 a
760 1260 949 1297 Minervae
989 1260 1128 1310 templo
1166 1273 1274 1310 agere
1304 1260 1348 1298 de
1378 1260 1487 1299 rebus

128 1329 258 1367 doctis,
301 1328 437 1367 Causas
467 1328 643 1379 praebent
670 1328 846 1366 librorum
877 1328 1017 1378 inopia,
1048 1328 1191 1366 scholae
1220 1342 1326 1367 curae
1354 1334 1392 1367 01
1425 1343 1486 1367 110-

127 1397 247 1446 gotia,
283 1397 483 1447 periculum
513 1397 609 1446 quod
643 1401 701 1434 est
729 1397 766 1434 in
800 1409 916 1442 mora,
945 1397 993 1434 al.

183 1465 298 1504 Nulla
317 1470 417 1504 aetas
438 1466 562 1504 studio
582 1466 730 1517 dignior
749 1466 827 1503 visa
847 1473 901 1504 est
917 1479 1025 1515 quam
1042 1465 1220 1512 Periclea,
1236 1470 1275 1504 01
1291 1466 1376 1504 11001
1397 1466 1486 1504 mihi

129 1548 201 1572 non
222 1535 419 1585 contigerit
448 1535 534 1573 novi
565 1534 705 1584 aliquid
729 1534 875 1579 afferre,
902 1539 1023 1572 tamen
1044 1535 1113 1573 hoc
1132 1535 1242 1586 probe
1271 1536 1364 1581 scio,
1393 1549 1488 1574 nun-

129 1617 235 1654 quam
265 1604 342 1642 fore
374 1608 413 1642 ut
441 1604 614 1654 temporis
642 1604 729 1642 huic
757 1604 880 1642 studio
908 1604 1066 1654 impensi
1096 1619 1155 1643 me
1184 1606 1380 1655 poeniteat.

184 1671 395 1722 Scripturus
432 1686 512 1710 sum
542 1672 587 1710 de
617 1672 806 1710 nonnullis
833 1672 942 1710 rebus
971 1672 1016 1710 ad
1049 1672 1305 1711 Plutarcheam
1335 1673 1488 1711 Periclis

129 1740 242 1779 vitam
268 1740 560 1791 pertinentibuS‚
582 1754 789 1792 quanquam
810 1754 925 1792 paene
944 1754 965 1779 a
983 1741 1170 1792 proposito
1191 1741 1374 1779 deterreor
1393 1741 1488 1779 mul—

129 1809 290 1847 titudine
324 1809 484 1848 virorum
525 1809 733 1857 doctorum,
772 1810 837 1860 qui
874 1823 977 1848 suam
1017 1810 1084 1848 hac
1122 1809 1166 1848 de
1200 1823 1237 1848 re
1266 1810 1487 1848 sententiam

131 1877 321 1916 nobiscum
352 1878 681 1918 communicarunt.
714 1877 822 1925 Quos
845 1891 1057 1916 enumerare
1077 1878 1228 1928 longum
1249 1884 1316 1917 est.
1349 1878 1490 1928 Sponte

132 1952 277 1998 apparet
307 1960 456 1994 omneS‚
494 1947 556 1997 qui
595 1947 640 1985 de
677 1946 830 1984 historia
858 1946 1033 1984 Graeciae
1072 1951 1243 1996 egerunt,
1276 1946 1321 1984 de
1350 1946 1491 1984 Pericle

132 2016 331 2067 scripsisse.

186 2083 275 2122 Fuit
295 2089 443 2135 tempus
464 2097 536 2134 quo
557 2085 631 2122 fere
650 2085 796 2131 omnia,
816 2098 909 2135 quae
929 2098 949 2122 a
970 2084 1123 2122 Graecis
1139 2089 1177 2121 et
1192 2083 1365 2122 Romanis
1385 2083 1492 2121 nobis

134 2157 221 2191 sunt
247 2152 391 2200 relicta,
421 2153 653 2192 veneratione
682 2153 840 2204 quadam
869 2153 1085 2192 colebantur
1104 2158 1142 2192 et
1161 2153 1235 2192 fere
1256 2166 1355 2191 sacra
1386 2152 1492 2191 habe—

134 2221 278 2260 bantur.
309 2222 413 2269 Quae
441 2223 495 2260 illi
517 2223 686 2260 dixerant
707 2227 883 2273 tanquam
904 2223 1049 2261 oracula
1071 2222 1290 2260 citabantur.
1321 2220 1492 2258 Haereti-

134 2303 195 2328 cus
235 2295 272 2328 et
301 2291 499 2341 sacrilegus
536 2291 727 2338 audiebat,
756 2293 820 2342 qui
849 2305 976 2330 eorum
1005 2291 1261 2329 auctoritatem
1290 2289 1493 2339 infringere

133 2358 293 2397 auderet.
324 2359 437 2397 Pauci
457 2365 579 2397 autem
600 2365 706 2397 erant
727 2360 922 2409 scriptores
942 2359 1005 2409 qui
1027 2358 1233 2407 aequabant
1254 2358 1492 2395 Plutarchum

134 2425 247 2475 gloria
268 2431 305 2465 et
324 2428 556 2467 auctoritate.
586 2427 657 2466 Per
676 2427 861 2478 Europam
881 2426 1071 2477 legebatur
1090 2440 1232 2464 summa
1251 2440 1334 2465 cum
1363 2426 1493 2476 volup·

134 2499 220 2534 tate.
279 2497 334 2535 Ex
363 2497 451 2535 vitis
479 2496 523 2535 ab
552 2510 595 2535 00
625 2496 841 2547 conscriptis
873 2496 940 2534 viri
965 2496 1085 2542 docti,
1119 2496 1293 2534 cultiores
1333 2495 1492 2533 militum

134 2565 324 2614 praefecti,
348 2566 488 2617 politici
515 2565 748 2613 hauriebant,
780 2570 844 2613 ut,
876 2565 953 2604 eius
978 2564 1081 2604 libris
1111 2565 1231 2612 lectis,
1253 2564 1492 2617 sapientiores

133 2633 263 2674 fierent
282 2642 319 2674 et
340 2637 518 2675 meliores.
548 2636 633 2674 Iure
648 2635 923 2673 admirabantur
943 2635 1021 2673 eius
1044 2635 1254 2685 'lingentem
1276 2634 1493 2672 eruditionis

134 2703 288 2754 copiam,
306 2705 529 2757 praeclarum
545 2718 664 2744 rerum
680 2703 960 2743 utilissimarum
980 2703 1308 2754 conquirendarum
1329 2702 1494 2741 studium
