1784 3201
942 235 963 276 6

271 359 310 393 et
329 349 562 406 diligentiam
577 349 843 399 admirabilem,
864 351 1006 403 ingenii
1027 349 1179 391 humani
1198 348 1464 403 cognitionem,
1479 349 1642 391 animum

271 427 459 476 integrum
479 430 589 474 atque
610 422 830 469 candidum,
860 422 1007 461 dicendi
1036 422 1267 472 docendique
1297 422 1535 469 facultatem,
1556 422 1643 460 sub-

271 494 467 540 tilitatem,
495 492 719 530 industriam
739 492 849 542 plane
871 491 1105 541 singularem.
1135 490 1299 538 Quarum
1319 491 1502 528 virtutum
1523 503 1646 528 exem-

271 563 333 613 pla
361 562 551 601 luculenta
575 574 719 611 quaque
748 561 909 599 vitarum
929 559 1063 610 pagina
1084 559 1336 598 inveniebant.
1378 559 1479 598 Hinc
1505 559 1643 597 factum

273 636 343 676 est,
376 634 419 668 ut
448 629 628 668 Parallela
649 629 840 668 Plutarchi
868 643 942 667 non
961 631 1081 668 solum
1102 629 1148 668 ab
1177 629 1244 676 iis,
1274 629 1396 680 quiin
1417 628 1643 678 antiquitate

271 698 486 748 indaganda
525 698 691 736 studium
733 712 840 736 suum
871 698 1079 745 collocant,
1104 711 1169 749 pro
1199 711 1320 736 rerum
1351 697 1642 736 memorabilium

271 767 445 805 thesauro
475 767 732 817 copiosissimo
757 772 867 817 atque
896 767 1049 818 perenni
1068 767 1173 818 quasi
1194 767 1327 805 veteris
1349 766 1524 804 historiae
1542 766 1643 804 fonte

271 836 508 883 haberentur,
550 836 613 873 sed
651 836 763 873 etiam
806 836 978 874 iuvenilis
1011 837 1126 874 animi
1159 836 1205 874 ad
1235 836 1505 874 humanitatem
1535 835 1642 873 insti-

270 904 401 942 tuendi
433 904 724 942 instrumentum
759 903 1012 954 aptissimum,
1041 908 1298 954 praetereaque
1326 902 1477 941 cordato
1507 902 1640 953 cuique

271 973 384 1011 animi
424 972 677 1010 remissionem
716 986 761 1010 ex
800 972 991 1011 laboribus
1025 972 1167 1023 petenti
1201 972 1453 1010 dulcissimum
1483 971 1644 1010 oblecta-

273 1047 450 1080 mentum.
510 1041 705 1080 Praeterea
734 1041 888 1080 lectores
910 1041 1167 1081 mulcebantur
1187 1041 1333 1080 dicendi
1353 1041 1498 1093 generis
1517 1041 1643 1080 nativo

272 1111 432 1161 quodam
458 1111 601 1158 nitore,
630 1111 828 1148 artificiosa
857 1111 1128 1157 continuitate,
1157 1111 1355 1149 laetissimo
1380 1112 1505 1160 vigore
1533 1115 1643 1160 atque

272 1179 501 1216 sententiosa
529 1179 727 1229 gravitate:
758 1184 800 1216 ut
826 1179 991 1217 omnium
1019 1179 1203 1217 inferioris
1231 1180 1313 1217 aevi
1334 1179 1508 1217 historiae
1529 1179 1643 1229 scrip-

271 1250 394 1285 torum
424 1247 505 1285 iure
540 1247 761 1285 Plutarchus
789 1246 820 1284 is
857 1247 930 1284 dici
959 1248 1142 1299 potuerit,
1182 1249 1245 1299 qui
1275 1253 1432 1286 maxime
1461 1248 1640 1286 lectorum

273 1316 417 1353 animos
452 1315 628 1362 oblectet,
664 1320 807 1361 teneat,
840 1316 1033 1366 expleat!”
1059 1317 1103 1366 1).
1399 1364 1407 1368 ἣ

330 1387 382 1423 At
421 1391 551 1424 contra
589 1385 680 1423 vitia
719 1385 797 1423 eius
820 1385 855 1435 2)
887 1398 977 1435 quae
1008 1384 1236 1435 aliquamdiu
1265 1383 1475 1431 latuerunt,
1506 1384 1639 1422 sensim

273 1454 525 1504 paulatimque
550 1453 695 1491 detecta
721 1458 811 1490 sunt
845 1453 931 1490 inde
964 1452 1009 1490 ab
1047 1465 1089 1490 eo
1118 1457 1300 1503 tempore,
1333 1465 1405 1502 quo
1435 1453 1642 1491 accuratius

270 1522 525 1571 inquirebatur
556 1522 595 1559 in
621 1522 797 1559 historiae
823 1521 946 1559 fontes
980 1526 1017 1559 et
1052 1522 1241 1559 literarum
1272 1522 1497 1559 Graecarum
1518 1521 1640 1559 studia

270 1590 391 1628 acrius
431 1590 647 1640 doctiusque
680 1589 953 1629 exercebantur.
1025 1589 1119 1628 Inde
1164 1590 1386 1628 Plutarchus
1429 1604 1450 1628 a
1475 1590 1639 1628 'nemine

269 1659 408 1697 absolvi
429 1663 552 1709 potest
568 1659 759 1696 nonnullis
780 1658 881 1696 vitiis
893 1674 904 1704 ;
928 1672 959 1697 v.
984 1672 1015 1697 c.
1033 1659 1131 1709 quod
1152 1658 1284 1697 ductus
1302 1659 1425 1697 ethico
1446 1663 1487 1697 ut
1506 1658 1638 1696 dicunt

270 1728 441 1775 consilio,
482 1727 582 1778 quod
622 1740 765 1778 semper
801 1731 886 1764 ante
925 1727 1051 1766 oculos
1089 1728 1266 1775 habebat,
1297 1728 1441 1779 saepius
1476 1728 1640 1778 neglexit

270 1802 407 1835 rectam
438 1796 809 1846 historiographiam,
843 1795 942 1845 quod
976 1796 1162 1834 interdum
1192 1796 1385 1835 immemor
1421 1796 1492 1834 fuit
1521 1796 1640 1834 iustae

270 1871 479 1916 temporum
509 1865 816 1915 computationis,
847 1865 946 1913 quod
977 1865 1124 1914 saepius
1158 1865 1312 1902 inseruit
1345 1865 1638 1902 narratiunculas

271 1935 449 1973 memoria
478 1934 673 1985 indignas,
702 1933 783 1972 alia.

323 2004 377 2042 Ut
406 2008 527 2042 autem
557 2005 621 2049 fit,
650 2017 734 2041 eum
764 2003 828 2054 qui
856 2002 1002 2041 tamdiu
1031 2003 1090 2054 pie
1120 2002 1319 2050 colebatur,
1350 2001 1542 2040 hominum
1559 2001 1637 2053 opi-

268 2074 377 2112 nione
407 2079 568 2121 mutata,
598 2074 722 2112 subito
756 2071 928 2111 nonnulli
959 2072 1131 2111 omnibus
1159 2072 1233 2110 fere
1262 2071 1462 2109 honoribus
1496 2071 1637 2121 privare

271 2144 509 2181 studuerunt.

322 2213 376 2252 Ut
403 2213 494 2251 alios
517 2212 549 2263 3)
572 2211 764 2259 omittam,
785 2211 890 2250 valde
920 2209 1109 2261 displicuit
1130 2209 1193 2248 ille
1214 2209 1393 2248 historico
1420 2209 1638 2256 excellenti,

310 2328 338 2364 l)
365 2327 404 2356 M.
429 2327 642 2359 Westermann‚
665 2325 699 2353 de
722 2325 799 2354 Plut.
821 2325 882 2353 vita
904 2331 931 2353 et
953 2325 1051 2361 script.
1072 2324 1283 2354 commentatio.

311 2385 340 2422 2)
365 2385 439 2413 Eum
465 2384 520 2412 iam
543 2383 578 2411 ab
608 2381 774 2420 aequalibus
803 2385 963 2410 accusatum
986 2390 1045 2410 esse
1066 2381 1209 2418 neglectae
1229 2379 1427 2418 chronologiae
1449 2384 1476 2409 el.
1502 2381 1581 2409 nimii
1606 2380 1634 2408 in

266 2439 492 2470 narratiunculis
516 2438 665 2467 afferendis
688 2437 789 2471 studii,
820 2437 884 2465 inde
907 2438 1025 2471 efficias,
1062 2436 1134 2474 quod
1157 2437 1215 2474 ipse
1240 2446 1268 2465 se
1291 2436 1431 2471 defendit,
1455 2436 1533 2465 Alcx.
1558 2436 1580 2465 l.
1601 2436 1636 2464 cs.

264 2496 337 2525 Cim.
363 2496 390 2524 2.
435 2495 571 2522 Fortasse
601 2498 695 2521 tamen
728 2493 786 2530 ipse
809 2492 896 2521 sensit
918 2493 971 2521 sibi
993 2501 1008 2520 a
1032 2492 1183 2520 lectoribus
1207 2492 1273 2520 talia
1295 2491 1415 2520 crimina
1438 2491 1579 2520 obiectum
1600 2490 1637 2518 iri

262 2560 348 2589 seque
370 2549 495 2578 defendit
519 2553 671 2586 antequam
694 2555 841 2577 accusatus
861 2552 914 2577 est.

308 2607 336 2643 3)
362 2606 500 2640 Goaria,
534 2606 642 2634 Oeuvr.
677 2605 706 2634 L.
741 2605 768 2634 3.
791 2605 866 2638 257,
889 2604 922 2633 de
945 2604 1099 2632 Plutarcho
1122 2604 1189 2632 haec
1210 2603 1289 2632 dixit.
1334 2603 1431 2637 „C'est
1454 2612 1491 2631 un
1512 2602 1636 2640 plaisant

264 2662 421 2698 histor-im,
444 2661 491 2700 qui
514 2661 632 2699 n'ayant
654 2661 729 2690 souci
753 2670 805 2699 que
827 2660 861 2689 de
884 2659 1009 2698 pai-altre
1031 2659 1124 2689 habile
1138 2657 1261 2688 e‘erivain
1275 2681 1283 2694 ,
1296 2658 1379 2688 serait
1394 2667 1500 2696 gagner
1515 2657 1532 2687 ὲ
1547 2658 1632 2687 Pom-

265 2719 317 2760 pe'e
339 2720 366 2748 la
390 2719 505 2748 bataille
527 2718 561 2746 de
585 2718 746 2753 Pharsales,
769 2717 791 2746 si
813 2717 871 2746 cela
893 2717 1010 2754 pouvait
1033 2716 1164 2745 ησσον-ἀει·
1187 2718 1250 2744 tant
1273 2715 1328 2743 soit
1349 2724 1402 2752 pen
1425 2723 1454 2742 sa
1477 2713 1611 2752 phrase.”
