1784 3201
944 247 993 284 30

282 365 359 399 tam
389 360 485 399 viam
513 360 583 398 sibi
613 360 926 411 praescripserant
955 360 1161 410 optimates.
1223 359 1408 399 Volebant
1433 374 1533 399 suam
1554 361 1650 412 ipso-

283 444 363 468 rum
394 429 590 467 restituere
621 429 881 467 auctoritatem
909 434 946 467 et
976 429 1201 479 potentiam,
1232 429 1437 479 frangendo
1469 430 1647 480 populum

284 503 322 536 et
360 497 630 535 introducendo
672 497 932 546 oligarchiam,
964 510 1107 535 servare
1137 511 1258 547 pacem
1289 511 1372 535 cum
1404 498 1651 536 Lacedaemo-

285 567 379 613 niis,
412 580 557 605 omnem
588 567 662 604 fere
691 580 839 616 operam
871 580 1003 605 navare
1032 567 1146 616 copiis
1176 567 1425 606 terrestribus,
1467 567 1650 618 Thucydi-

285 635 365 672 dem
396 635 640 672 confidentem
681 648 810 672 causae
836 636 926 685 -J'ure
963 635 1082 684 egisse
1112 634 1311 681 credimus,
1350 640 1387 672 at
1414 635 1451 672 in
1480 635 1558 685 ipsa
1587 635 1651 673 illa

285 717 414 750 causa,
456 704 495 741 in
529 702 621 753 ipsis
662 702 827 740 consiliis
866 717 959 752 quae
993 703 1142 753 exsequi
1185 703 1319 748 voluit,
1355 703 1426 741 sita
1460 709 1537 741 erat
1570 704 1648 741 eius

286 772 445 822 partium
474 771 719 810 imbecillitas
783 765 789 769 ¹

340 841 491 891 Integra
512 841 744 879 Athenarum
775 841 1036 890 magnitudine
1058 854 1125 890 pax
1157 845 1337 890 perpetua
1366 854 1448 878 cum
1467 841 1649 879 Lacedae-

286 910 417 947 moniis
456 909 559 947 nullo
595 909 703 947 modo
743 909 880 946 servari
920 909 1057 960 potuit.
1115 908 1212 946 Urbs
1242 909 1295 947 ita
1325 909 1395 947 sita
1423 914 1500 947 erat
1529 913 1567 947 et
1596 922 1652 947 res

284 978 337 1016 sic
375 992 412 1015 se
450 977 638 1016 habebant
683 982 723 1015 ut
764 977 871 1015 modo
916 978 1004 1015 mari
1038 978 1164 1027 augeri
1200 984 1347 1028 possent
1384 978 1628 1016 Athenienses
1638 995 1649 1025 ;

285 1060 381 1084 mare
410 1051 534 1085 autem
564 1052 642 1085 erat
672 1047 797 1085 nutrix
827 1047 1088 1085 democratiae:
1123 1047 1175 1084 sic
1203 1047 1361 1085 Pericles
1390 1047 1517 1085 docuit
1539 1047 1649 1084 Athe-

283 1116 430 1154 nienses
455 1117 656 1166 habuitque
684 1117 873 1155 auditores
903 1131 975 1155 non
1006 1118 1170 1167 ignavos,
1229 1118 1307 1155 Iam
1337 1117 1564 1158 democratia
1591 1130 1650 1155 ro-

284 1185 427 1222 bustior
454 1189 549 1229 erat,
582 1198 691 1234 quam
722 1190 764 1223 ut
793 1185 873 1222 sisti
902 1199 940 1222 se
969 1190 1008 1222 et
1037 1185 1195 1235 opprimi
1222 1189 1423 1235 pateretur.

338 1252 570 1302 Thucydides
614 1253 812 1290 adversarii
854 1252 1026 1302 peritiam
1067 1253 1263 1302 agnovisse
1298 1253 1445 1291 videtur
1482 1254 1513 1291 si
1542 1253 1649 1291 fidem

286 1321 463 1359 habemus
494 1321 788 1359 narratiunculae
817 1335 909 1371 quae
938 1321 1097 1359 traditur
1133 1336 1153 1359 a
1184 1321 1383 1360 Plutarcho
1414 1323 1512 1372 (Per.
1533 1336 1563 1361 c.
1584 1325 1650 1372 8.).

340 1389 593 1442 Ἀρχεδάμου
637 1392 678 1430 δὲ
723 1398 789 1430 τοῦ
819 1393 1148 1442 Λακεδαιμονίων
1177 1393 1367 1444 βασιλέως
1396 1394 1648 1442 πυνθανομέ-

287 1476 373 1500 νου,
420 1463 585 1509 πότερον
630 1461 747 1504 αὐτὸς
788 1466 812 1510 η’“
850 1460 1046 1509 Περικλῆς
1087 1461 1249 1500 παλαίει
1289 1461 1448 1512 βέλτιον
1492 1461 1649 1506 ,,ὃταν”

286 1527 394 1568 εἶπεν
438 1532 547 1576 ,,ἐγώ
588 1529 805 1580 καταβάλω
843 1530 1041 1574 παλαίων,
1084 1532 1233 1574 ἐκεῖνος
1262 1530 1496 1578 ἀντιλέγων,
1526 1532 1577 1576 ὡς
1606 1530 1649 1568 οὐ

286 1597 480 1640 πέπτωκε,
514 1605 607 1647 νικᾷ
637 1600 703 1636 καὶ
735 1600 971 1637 καταπείθει
1002 1601 1090 1644 τούς
1118 1596 1338 1648 όρῶντας.”

340 1665 563 1703 Plutarchus
594 1665 694 1714 (Per.
732 1679 763 1704 c.
802 1668 867 1716 12)
898 1666 1005 1704 nobis
1029 1666 1187 1704 servavit
1213 1671 1353 1716 partem
1380 1667 1558 1704 orationis
1577 1667 1651 1705 for-

286 1737 382 1771 tasse
410 1747 431 1770 a
462 1733 674 1784 Thucydide
703 1747 822 1772 coram
856 1735 993 1785 populo
1025 1740 1152 1773 contra
1180 1735 1354 1773 Periclem
1381 1735 1537 1774 habitae.
1582 1735 1649 1773 Pe-

286 1801 386 1840 riclis
425 1802 625 1840 adversarii
654 1803 693 1841 in
721 1816 803 1841 eum
833 1803 971 1841 invecti
1004 1817 1083 1842 esse
1112 1804 1311 1849 dicuntur,
1341 1808 1512 1857 βοῶντες
1549 1808 1601 1850 ὥς
1629 1808 1651 1844 ὁ

284 1875 356 1920 μὲν
387 1872 504 1921 δῆμος
533 1873 668 1918 α’δοξεῒ
697 1877 762 1911 καὶ
794 1879 922 1920 κακῶς
951 1876 1083 1913 ducum
1114 1879 1162 1913 τὰ
1193 1878 1308 1914 κοινὰ
1337 1878 1416 1914 τῶν
1445 1874 1649 1923 Ἑλλήνων

288 1946 464 1992 χρήματα
494 1944 589 1991 πρὸς
611 1944 732 1981 αὑτὸν
754 1944 795 1980 ἐκ
822 1943 952 1992 Δήλου
971 1948 1229 1992 μεταγαγὼν,
1252 1947 1290 1980 el}
1310 1943 1437 1980 haecce
1457 1941 1651 1980 dicebant:

287 2013 353 2048 καὶ
384 2010 494 2048 δοκεῖ
516 2011 650 2058 δεινὴν
672 2013 787 2062 ὕβριν
811 2017 834 2060 η’
852 2011 1004 2055 ζἙλλὰς
1024 2013 1254 2062 ὑβρίζεσθαι
1277 2015 1342 2050 καὶ
1363 2017 1648 2062 τυραννεῖσθαι

287 2082 537 2127 περιφανῶς,
572 2082 699 2128 ὁρῶσα
737 2086 819 2125 τοῖς
850 2081 1132 2129 εἶς-φερομένοις
1170 2077 1237 2118 ὑπ’
1272 2082 1391 2128 αὐτῆς
1425 2081 1651 2128 ἀναγκαίως

329 2214 380 2242 Ein
416 2214 580 2250 vei-hulten,
612 2215 707 2244 dessen
744 2215 842 2243 Werth
876 2224 939 2243 mun
973 2218 1024 2251 gut
1057 2214 1128 2243 thun
1163 2214 1231 2242 wird
1254 2213 1332 2242 nicht
1354 2214 1391 2242 an
1414 2223 1446 2242 zu
1469 2213 1539 2256 boch
1562 2223 1597 2242 an
1620 2222 1652 2242 zu

286 2271 433 2307 winingen,
462 2271 497 2299 dn
527 2272 571 2299 die
599 2272 714 2307 geringe
736 2272 803 2299 zahl
827 2272 876 2299 der
899 2270 1167 2306 antiperikleischen
1190 2271 1336 2298 Elementa
1357 2279 1387 2298 so
1410 2271 1460 2298 anf
1478 2271 1526 2298 das
1548 2279 1650 2306 augen-

286 2325 482 2353 scheinlichste
514 2336 546 2354 zu
579 2326 655 2362 Tage
685 2326 746 2354 kam
782 2326 837 2354 und
867 2326 920 2354 den
944 2326 1075 2362 Gegnern
1098 2325 1212 2358 dessen,
1235 2325 1285 2353 der
1307 2330 1390 2353 unter
1412 2324 1651 2353 democratischen

288 2381 407 2410 Formen
436 2381 480 2409 die
504 2381 758 2410 Alleinherrsehaft
781 2383 917 2416 ausiibte,
941 2382 985 2410 die
1007 2381 1114 2410 damula
1136 2381 1207 2410 noch
1230 2381 1308 2410 nicht
1329 2381 1574 2410 schmeichelhaste
1598 2381 1650 2409 Be-

286 2437 441 2474 zeichuung
462 2438 511 2466 der
533 2437 637 2476 ὅλιγοι
660 2439 783 2474 eintrng.

328 2493 456 2521 Eruntne
478 2494 596 2522 Periclis
618 2494 773 2522 adversarii
798 2498 854 2523 tam
880 2494 981 2531 pauci?
1001 2494 1151 2531 Quomodo
1174 2498 1234 2522 tum
1257 2497 1399 2522 certamen
1422 2497 1479 2522 tam
1507 2502 1570 2522 acre
1594 2501 1653 2520 esse

288 2548 400 2584 potuit?
433 2552 477 2576 An
501 2554 581 2577 erant
605 2551 700 2586 pauci,
724 2551 770 2578 sed
794 2550 929 2587 pecunia,
953 2559 1071 2586 genere,
1095 2550 1265 2578 anctoritate
1289 2549 1472 2579 validissimi?
1497 2549 1558 2577 Viri
1579 2551 1654 2576 certe

288 2607 385 2636 erant,
408 2612 528 2640 quorum
552 2608 646 2640 patres
670 2605 819 2633 bellatores
838 2605 1012 2633 Marathonii
1036 2606 1148 2633 fuerant
1169 2604 1410 2639 excellentissimi,
1426 2604 1542 2638 divites,
1558 2606 1656 2631 aucto-

288 2658 374 2687 ritate
397 2660 481 2688 etiam
507 2665 564 2688 tum
589 2660 742 2697 pollentes,
766 2661 871 2689 multos
892 2670 985 2689 secum
1011 2662 1155 2690 trahentes
1178 2670 1344 2699 quocunque
1367 2661 1486 2696 vellent3
1504 2660 1590 2698 iisque
1605 2658 1653 2687 ad-

288 2713 401 2742 stabant
425 2717 490 2744 socii
515 2716 717 2751 potentissimi,
740 2719 837 2752 poetae
857 2716 964 2744 comici.
