1784 3201
934 265 983 315 28

276 395 465 437 tenerent,
500 404 572 428 non
607 389 718 440 probe
749 390 958 438 intellexit;
994 404 1077 441 prae
1107 389 1358 441 philosophiae
1386 402 1509 428 amore
1528 388 1640 427 nimis

275 460 456 498 reveritus
495 464 551 498 est
592 459 896 510 philosophorum
946 460 1167 505 sententias,
1210 473 1301 510 quas
1349 458 1522 497 historiae
1559 458 1641 496 fon-

275 532 331 566 tes
369 527 550 574 habebat3
601 527 792 565 diffidebat
828 528 978 578 quidem
1019 527 1229 566 hominibus
1271 535 1484 578 κακοήθεσι
1527 527 1640 564 veluti

275 597 519 636 Stesimbroto
543 597 588 647 (P)
619 596 843 643 Idomeneo,
882 597 1030 643 Duridi,
1062 597 1144 636 aliis
1155 613 1164 644 3
1193 601 1365 636 constans
1388 596 1568 636 indicium
1590 595 1637 634 de

276 669 323 705 iis
351 666 425 718 ipsi
460 680 533 704 non
563 671 650 704 erat.

531 900 868 934 THUCYDIDEs,
910 901 1164 926 MELESIAE
1205 900 1385 926 FILIUS.

333 1012 379 1050 In
414 1011 488 1049 vita
527 1009 680 1048 Periclis
712 1009 932 1049 Plutarchus
960 1011 1151 1049 nonnullis
1171 1011 1260 1059 locis
1290 1009 1334 1048 de
1364 1009 1432 1047 hoc
1453 1009 1530 1047 viro
1551 1007 1640 1058 egit,

279 1094 298 1117 e
348 1079 482 1130 quibus
517 1079 712 1128 praecipue
757 1080 1061 1126 eu1n‚novimus.
1120 1079 1199 1118 Hos
1235 1092 1443 1129 comparare
1480 1091 1564 1115 cum
1598 1077 1643 1114 iis

279 1150 383 1187 iuvat
421 1161 515 1198 quae
557 1148 646 1186 alibi
692 1148 911 1196 traduntur,
956 1153 996 1187 ut
1038 1149 1119 1200 quis
1152 1149 1215 1187 ille
1262 1148 1392 1195 fuerit,
1431 1147 1538 1186 nobis
1580 1161 1645 1198 ap-

279 1222 417 1268 pareat.

333 1286 421 1337 Cap.
452 1285 510 1323 XI
538 1285 669 1323 haecce
699 1286 866 1335 legimus.

335 1357 383 1394 Οἱ
413 1353 448 1393 δ’
479 1357 798 1406 ἀριστοκρατικοὶ
828 1358 1012 1406 μέγιστον
1041 1360 1112 1407 μὲν
1142 1358 1216 1408 ἤδη
1245 1360 1313 1397 τὸν
1344 1356 1544 1407 Περικλέα
1575 1359 1640 1394 καὶ

282 1428 457 1474 πρόσθεν
487 1428 653 1476 ὁρῶντες
683 1430 873 1474 γεγονότα
903 1429 981 1467 τῶν
1016 1426 1205 1470 πολιτῶν,
1229 1427 1461 1479 βουλόμενοι
1489 1425 1522 1465 δ’
1541 1429 1641 1476 ὅμως

282 1492 385 1533 εἶναί
429 1510 519 1533 τινα
549 1497 618 1533 τὸν
649 1497 744 1545 πρὸς
774 1495 894 1534 αυτόν
925 1497 1254 1544 ἀντιτασσόμενον
1285 1498 1327 1535 ἐν
1359 1502 1406 1545 τῇ
1435 1494 1545 1534 πόλει
1576 1498 1640 1532 καὶ

282 1567 353 1611 τὴν
385 1562 553 1612 δυ’ναμιν
583 1563 854 1614 ἀμβλύνοντα,
886 1564 982 1602 ὥστε
1011 1568 1060 1612 μὴ
1092 1564 1231 1614 κομιδῇ
1258 1565 1479 1614 μοναρχίαν
1510 1560 1636 1606 εἶναι,

281 1631 534 1681 Θουκυδίδην
565 1634 632 1670 τὸν
662 1632 964 1680 Ἀλωπεκῆθεν,
994 1633 1125 1682 ἄνδρα
1155 1635 1337 1682 σώφρονα
1361 1637 1425 1670 καὶ
1448 1632 1638 1683 κηδεστὴν

279 1702 475 1748 Κίμωνος,
507 1700 751 1750 ἀντέστησαν
785 1703 1130 1749 ἐναντιωσόμενον,
1170 1703 1211 1746 ὃς
1240 1696 1358 1750 ἦττον
1387 1702 1458 1750 μὲν
1488 1703 1544 1739 ὢν
1574 1716 1643 1738 πο·

279 1769 433 1817 λεμικὸς
477 1773 543 1807 τοῦ
589 1770 785 1817 Κίμωνος,
826 1771 1012 1817 ἀγοραῖος
1053 1770 1093 1808 δὲ
1136 1772 1200 1808 καὶ
1244 1768 1446 1814 πολιτικὸς
1474 1768 1640 1817 μᾶλλον,

278 1842 468 1888 οἰκουρῶν
501 1841 541 1878 ἐν
571 1842 679 1877 ἄστει
711 1841 776 1876 καὶ
807 1841 892 1887 περὶ
924 1840 966 1878 τὸ
996 1840 1101 1890 βῆμα
1131 1843 1184 1887 τῷ
1215 1837 1404 1888 Περικλεῖ
1432 1836 1642 1887 συμπλεκό-

278 1923 393 1956 μενος
423 1909 521 1957 ταχύ
552 1911 622 1955 τὴν
652 1906 857 1945 πολίτειαν
891 1910 943 1951 εἷς
973 1906 1195 1946 ἀντίπαλον
1222 1907 1470 1956 κατέστησεν,
1505 1907 1549 1944 οὐ
1571 1908 1643 1955 γὰρ

281 1977 384 2014 εἰἀσε
416 1978 506 2019 τούς
538 1976 679 2020 καλούς
710 1978 912 2023 κάγαθούς
943 1976 1210 2024 καλουμένους
1238 1975 1389 2024 ἄνδρας
1419 1975 1642 2023 ἐνδιέσπαρ-

280 2050 353 2082 θαι
397 2047 462 2082 καὶ
507 2049 774 2094 συμμεμῖχθαι
821 2047 914 2093 πρὸς
959 2047 1025 2083 τὸν
1070 2045 1192 2092 δῆμον
1231 2047 1282 2088 ὠς
1323 2047 1531 2093 πρότερον,
1568 2045 1644 2081 ὑπὸ
1692 2061 1694 2063 ’

280 2112 460 2162 πλήθους
503 2112 804 2161 ἠμαυρωμένους
847 2114 889 2150 τὸ
920 2112 1092 2161 ἀξίωμα,
1125 2114 1236 2162 χωρὶς
1268 2112 1310 2150 δὲ
1341 2111 1549 2161 διακρίνας
1579 2113 1644 2150 καὶ

279 2181 517 2227 συναγαγὼν
562 2183 616 2223 εἷς
659 2180 778 2216 ταύτὸ
822 2185 892 2227 τὴν
937 2185 1095 2218 πάντων
1141 2179 1309 2228 δύναμιν
1341 2182 1509 2230 ἐμβριθῆ
1539 2195 1644 2226 γενο-

278 2248 402 2297 μένην
432 2249 560 2297 ῶσπερ
592 2249 653 2285 ἐπὶ
687 2249 804 2295 ζυγοῦ
836 2251 960 2298 ῥοπὴν
993 2250 1184 2298 ἐποίησεν.
1206 2247 1252 2297 ἦν
1274 2251 1345 2297 μὲν
1368 2251 1441 2298 γὰρ
1466 2248 1506 2293 ἐξ
1527 2250 1646 2298 α’ρχῆς

282 2315 426 2365 διπλόη
465 2332 524 2360 τις
554 2316 740 2361 ὕπουλος,
774 2317 902 2366 ὥσπερ
940 2318 981 2355 ἐν
1012 2316 1176 2366 σιδήρῳ,
1207 2317 1403 2365 διαφορὰν
1431 2317 1648 2366 ὑποσημαί-

282 2398 404 2422 νουσα
441 2384 651 2434 δημοτικῆς
682 2389 747 2422 καὶ
777 2385 1100 2434 ἀριστοκρατικῆς
1130 2384 1400 2434 προαιρέσεως,
1433 2389 1456 2434 η’
1485 2384 1519 2422 δ’
1552 2384 1647 2422 ἐκεί-

281 2469 359 2493 νων
398 2452 547 2500 ἅμιλλα
587 2456 651 2491 καὶ
693 2453 898 2502 φιλοτιμία
938 2457 1016 2493 τῶν
1056 2454 1227 2503 οἷνδρῲν-
1255 2457 1492 2505 βαθυτάτην
1523 2457 1646 2503 τομὴν

280 2529 446 2571 τεμοῦσα
485 2528 551 2569 τῆς
591 2522 737 2567 πόλεως
778 2525 819 2561 τὸ
858 2527 929 2572 μὲν
970 2523 1108 2573 δῆμον,
1146 2526 1187 2561 τὸ
1228 2523 1263 2561 δ’
1300 2523 1457 2570 ὀλίγους
1488 2524 1643 2573 ἐποίησε

283 2590 509 2629 καλεῖσθαι.

338 2657 461 2706 Vulgo
492 2656 724 2708 Thucydides
750 2657 927 2708 prodiisse
957 2658 1093 2696 dicitur
1114 2664 1200 2708 post
1228 2662 1382 2696 mortem
1409 2658 1591 2704 Cimonis,
1614 2670 1646 2694 a.

283 2728 360 2766 449
405 2740 437 2765 a.
476 2725 541 2773 C.,
581 2739 811 2777 nequaquam
840 2727 979 2766 ‘tamen
1017 2728 1086 2766 hoc
1124 2727 1225 2765 omni
1261 2726 1373 2765 dubio
1421 2726 1537 2765 maius
1581 2729 1645 2763 est.
