1784 3201
913 223 963 260 24

251 346 293 369 ac
320 332 365 369 de
394 335 571 380 Eucrate,
602 336 665 384 qui
694 335 850 372 fortasse
867 335 1017 373 Diodoti
1048 340 1150 385 pater
1180 339 1237 372 est
1268 335 1402 380 (Thac.
1431 335 1509 373 III.
1542 337 1624 385 41),

253 400 316 438 sed
346 401 650 440 verisimillimum
679 416 758 441 esse
787 407 879 454 puto
909 417 971 442 eos
1000 417 1074 442 non
1105 403 1221 442 fuisse
1242 403 1409 441 homines
1437 403 1625 453 vulgares,

254 469 341 506 licet
368 470 413 507 ad
453 484 513 507 eos
543 471 650 509 etiam
683 472 808 509 referri
845 473 961 522 possit
991 472 1089 522 quod
1120 472 1351 523 Thucydides
1382 471 1452 521 (II.
1484 473 1550 521 65)
1581 471 1626 508 de

254 537 407 577 Periclis
437 539 706 578 successoribus
735 545 911 591 queratur
935 541 980 592 1).

308 607 350 646 O.
382 608 550 647 XXXII.
579 610 783 647 Aeschines
812 615 980 657 testatur,
1001 610 1180 648 Periclem
1201 609 1371 660 precibus
1391 608 1624 658 lacrimisque

255 676 482 715 damnationi
529 678 706 729 eripuisse
751 680 966 730 Aspasiam,
1011 680 1123 730 idque
1165 683 1295 718 contra
1336 679 1450 729 leges.
1518 678 1622 717 Idem

255 752 379 785 narrat
410 748 643 795 Athenaeus,
674 754 823 787 auctore
853 750 1090 787 Antisthene.
1150 748 1360 786 Admodum
1391 748 1523 786 mirum
1549 752 1623 794 est,

256 814 348 852 duos
378 815 445 852 hos
475 815 636 853 Socratis
655 816 852 868 discipulos
871 817 968 855 idem
988 830 1154 855 narrasse
1173 817 1211 854 in
1232 816 1386 868 dialogis
1405 815 1469 867 qui
1489 815 1619 854 eodem

256 882 369 920 titulo
392 884 650 930 ,,’Λσπασιά”
671 885 975 933 inscriberentur,
998 890 1039 924 ut
1060 886 1228 924 traditur.
1260 885 1386 932 Quare*
1401 885 1483 923 loco
1506 885 1620 923 Athe-

256 951 338 989 naei
366 951 563 1002 legendum
588 958 722 1005 putant
742 956 914 995 nonnulli
935 958 1151 1009 Αἷσχῖνης,
1174 968 1248 994 nou
1270 955 1549 1006 Ἀνθισθένης
1573 952 1621 1004 2)·

311 1021 356 1058 Ei
382 1021 600 1060 Plutarchus
630 1025 892 1063 auctoritatem
923 1026 1095 1063 tribuisse
1126 1025 1273 1062 videtur
1300 1024 1398 1061 iusto
1435 1023 1618 1061 maiorem.

311 1089 525 1131 Platonem
554 1093 815 1144 philosophum
845 1094 974 1132 citavit
1004 1107 1078 1144 cap.
1112 1093 1213 1131 VIII
1251 1097 1377 1141 ,[κατὰ
1406 1096 1474 1133 τὸν
1503 1093 1621 1132 Πλά-

258 1177 375 1206 τωνα,
402 1166 467 1200 καὶ
497 1167 671 1213 ἄκρατον
702 1171 783 1210 τοῖς
813 1166 993 1209 πολίταις
1022 1165 1253 1213 ἐλευθερίαν
1283 1167 1498 1215 οἰνοχόων·1
1529 1161 1620 1199 refe·

256 1230 371 1268 renda
399 1235 486 1268 sunt
516 1232 603 1269 haec
641 1232 687 1269 ad
722 1231 899 1269 vocabula
931 1237 1101 1284 ἄκρατος
1132 1232 1354 1282 ἐλευθερία,
1386 1230 1431 1267 de
1459 1229 1616 1279 Republ.

258 1301 370 1345 5620,
402 1313 476 1338 nou
505 1300 550 1337 ad
581 1314 637 1338 res
656 1301 765 1349 ipsas.

312 1369 494 1407 Memoria
523 1370 673 1408 omnino
703 1370 815 1420 digna
852 1375 941 1407 sunt
980 1384 1023 1408 ea
1052 1382 1145 1420 quae
1176 1382 1253 1419 cap.
1285 1367 1381 1406 VIII
1415 1367 1545 1406 sumsit
1578 1380 1621 1404 ex

257 1437 427 1475 Platonis
457 1438 623 1476 Phaedro
652 1440 757 1476 270³.

310 1505 430 1543 Locus
459 1510 515 1543 est
545 1506 622 1544 hic:
653 1512 776 1546 πᾶσαι
806 1509 894 1546 ὅσαι
922 1508 1088 1557 μεγάλαι
1120 1511 1199 1546 τῶν
1237 1509 1385 1558 τεχνῶν
1416 1506 1621 1555 προςδέον-

257 1592 322 1615 ται
352 1576 584 1627 ἀδολεσχίας
615 1580 680 1615 καὶ
709 1577 1014 1626 μετεωρολογίας
1043 1580 1190 1625 φύσεως
1219 1577 1324 1626 πέρι·
1356 1578 1397 1614 τὸ
1423 1579 1496 1625 γὰρ
1520 1577 1619 1624 ὑψη-

256 1645 398 1684 λονουν
429 1652 541 1684 τοῦτο
572 1647 639 1684 καὶ
670 1650 802 1696 πάντη
830 1645 1100 1695 τελεσιουργὸν
1130 1647 1259 1684 ἔοικεν
1281 1644 1466 1683 ἐντεῦθέν
1488 1649 1618 1682 ποθεν

256 1715 444 1758 εῖσιέναι,
484 1716 505 1751 ὃ
545 1717 610 1751 καὶ
651 1714 848 1763 Περικλῆς
887 1717 982 1764 πρὸς
1021 1719 1074 1763 τῷ
1105 1714 1246 1763 εὐφυὴς
1282 1711 1384 1753 εἶναι
1417 1715 1618 1760 ἐκτήσατο.

256 1780 503 1830 Philosophus
528 1780 616 1818 haec
646 1781 871 1831 praedicavit
893 1780 936 1818 de
962 1780 1040 1817 viro
1060 1794 1169 1831 quem
1191 1780 1340 1818 laudare
1359 1793 1435 1818 non
1463 1778 1618 1817 solebat.

255 1850 398 1897 Quanti
427 1850 648 1888 Plutarchus
678 1850 871 1888 Platonem
900 1850 1027 1887 fecerit
1056 1863 1100 1887 ex
1130 1864 1172 1894 eo
1202 1850 1315 1887 etiam
1339 1853 1489 1899 apparet
1520 1847 1617 1898 quod

254 1931 336 1955 eum
368 1922 475 1955 vocat
507 1921 550 1964 'so‘
582 1924 690 1963 θεῖος
719 1916 934 1957 Πλάτων.”

310 1986 420 2033 Quod
440 2000 518 2036 cap.
547 1986 606 2023 IX
635 1986 770 2033 tradit,
798 1986 934 2024 multos
960 1985 1095 2023 dixisse
1123 1985 1298 2036 populum
1319 1985 1479 2035 primum
1507 1998 1527 2021 a
1552 1984 1618 2021 Pe-

253 2055 340 2093 ricle
361 2056 522 2106 peiorem
552 2055 692 2092 factum
721 2068 817 2101 esse,
847 2060 1009 2104 spectare
1040 2067 1184 2105 quoque
1205 2054 1352 2092 videtur
1380 2053 1426 2091 ad
1451 2052 1618 2091 Platonis

254 2127 448 2178 Gorgiam,
480 2129 585 2167 5152.
624 2127 729 2166 Inter
752 2127 1004 2177 Thucydidem
1035 2131 1073 2165 et
1100 2126 1294 2165 Platonem
1315 2123 1510 2163 haesitavit
1531 2122 1629 2169 Plu-‚

253 2196 419 2243 tarchus;
449 2197 552 2246 optio
582 2197 615 2233 ei
644 2196 717 2233 fuit
747 2196 917 2233 difficilis.

307 2264 395 2315 Cap.
412 2264 484 2302 XV
504 2266 626 2312 ἔδειξε
648 2270 719 2315 τὴν
742 2269 951 2316 ῥητορικὴν
974 2267 1074 2302 κατὰ
1096 2263 1297 2302 Πλάτωνα
1320 2279 1354 2301 κ.
1371 2279 1404 2301 τ.
1421 2262 1454 2299 λ.
1476 2263 1619 2310 spectat

252 2333 297 2370 ad
329 2333 485 2388 Phaed-r.
518 2333 628 2370 26122'
659 2332 718 2383 ἄρ’
749 2330 819 2372 οὖν
852 2335 895 2372 οὐ
926 2335 968 2370 τὸ
997 2335 1067 2381 μὲν
1096 2332 1190 2370 ὅλον
1221 2337 1244 2381 ή
1275 2334 1457 2381 ῥητορικὴ
1486 2333 1537 2368 ἂν
1559 2330 1619 2379 εἴη

252 2407 366 2453 τεχνὴ
407 2405 647 2454 ψυχαγωγία
686 2419 745 2447 τις
785 2402 851 2441 διὰ
881 2402 1020 2450 λόγων,
1054 2403 1098 2440 οὐ
1126 2404 1248 2450 μόνον
1281 2402 1322 2439 ἐν
1353 2398 1618 2448 δικαστηρίοις

250 2475 316 2510 καὶ
344 2473 426 2509 ὅσοι
455 2471 571 2510 ἄλλοι
602 2472 780 2521 δημόσιοι
810 2471 1007 2518 σύλλογοι,
1040 2470 1142 2508 ἀλλὰ
1173 2472 1239 2508 καὶ
1271 2472 1312 2508 ἐν
1346 2469 1479 2512 ῖδίοις,·

296 2638 322 2672 l)
347 2637 390 2665 Cf.
414 2636 550 2671 Curtius,
572 2637 618 2671 ΙΙ,
642 2646 668 2674 p.
692 2637 760 2665 348.

292 2692 322 2730 2)
347 2692 409 2722 vid.
431 2693 571 2728 Sintenis,
593 2693 611 2722 1.
635 2693 652 2722 1.
676 2692 710 2722 ad
732 2693 807 2722 huuc
830 2693 937 2725 locum,
961 2702 988 2729 p.
1012 2692 1080 2720 219.
