1784 3201
948 252 996 287 26

286 370 366 404 τῶν
406 367 572 414 Σαμίων
612 363 793 412 πολιτείᾳ
835 366 935 400 certo
974 361 1064 400 mihi
1100 361 1223 400 videor
1260 363 1431 413 colligere
1468 377 1574 415 posse
1606 378 1651 404 ex

285 431 400 470 Suida
430 444 514 469 voce
543 434 708 480 Σαμίων
737 434 759 469 ό
788 429 946 480 “sume-'⁹

339 500 578 539 Aristotelem
621 499 822 538 Plutarcho
867 499 1097 537 verissimum
1127 498 1266 538 fontem
1302 500 1420 538 visum
1454 514 1532 539 esse
1567 515 1653 540 con-

283 574 368 608 stat.

344 637 659 689 Theophrastus,
691 636 861 682 Eresius‚
892 636 1103 674 Aristotelis
1132 636 1354 687 discipuluS,
1385 651 1416 676 c.
1440 639 1517 677 322
1539 639 1581 677 A.
1605 637 1648 675 C.

281 705 418 742 floruit}
474 704 588 741 Cuius
633 704 772 752 scripta
800 703 906 740 nobis
936 703 1087 752 periisse
1117 704 1306 749 dolemus3
1337 709 1471 754 ἠθικοὶ
1503 723 1649 757 χαρακ-

282 783 391 826 τῆρες
420 786 511 823 quos
540 771 717 811 habemus
747 785 820 810 nou
850 771 1093 822 Theophrasti
1126 778 1225 812 sunt.

334 843 455 892 Opera
497 842 574 879 eius
617 841 809 878 feruntur:
856 845 1003 890 Νόμων
1036 846 1137 881 κατὰ
1167 848 1380 892 στοιχεῖον,
1413 846 1500 892 περὶ
1536 845 1648 894 βασι-

279 913 386 958 λείας
428 910 506 961 (qui
545 909 639 947 liber
678 909 814 947 citatur
853 923 873 946 a
913 909 1111 947 Plutarcho
1152 909 1279 948 Them.
1325 923 1357 948 c.
1400 909 1525 960 XXV)
1558 914 1644 962 περὶ

278 973 396 1031 βίῶν,
425 980 643 1019 πολιτικῶν
676 979 696 1014 6
727 978 751 1016 l.
782 979 998 1018 πολιτικῶν
1028 982 1122 1029 πρὸς
1151 982 1239 1026 τούς
1265 985 1423 1031 καιρούς
1445 979 1515 1017 41.
1537 980 1647 1019 πολι·

278 1056 400 1090 τικὼν
442 1053 548 1090 ἐθῶν
578 1050 601 1086 4
631 1048 656 1086 l.
697 1053 783 1100 περὶ
814 1056 880 1100 τῆς
909 1051 1068 1101 ἀρίστης
1096 1049 1319 1096 πολιτείας,
1352 1051 1525 1101 ἱστορικὰ
1550 1050 1645 1089 ὑπο·

275 1125 475 1168 μνήματα.
535 1117 708 1168 Magistri
737 1117 859 1156 studia
887 1122 1044 1155 sectatus
1073 1131 1150 1155 esse
1179 1118 1335 1156 videtur.

332 1188 555 1225 Plutarchus
585 1187 705 1226 Alcib.
736 1201 766 1225 c.
797 1187 832 1224 X
862 1187 906 1224 de
936 1200 978 1224 eo
1008 1186 1120 1224 dicit:
1152 1191 1185 1226 εἰ
1214 1189 1255 1226 δὲ
1288 1190 1520 1238 Θεοφράστῳ
1555 1173 1642 1226 nto*-

275 1261 436 1306 τευὸμεν
484 1259 600 1307 ἀνδρὶ
644 1258 818 1307 φιλήκόῳ
863 1260 927 1295 καὶ
973 1259 1150 1306 ἱςτυρικῲ
1193 1255 1286 1307 παρ’
1328 1259 1511 1296 ὁντινοῦν
1560 1261 1639 1296 τῶν

273 1326 505 1374 φιλοσόφων.
567 1324 729 1362 Sintenis
769 1324 937 1374 probavit
981 1323 1112 1362 falsum
1151 1337 1231 1362 esse
1259 1323 1357 1373 quod
1387 1323 1487 1362 Plut.
1520 1323 1636 1363 Arist.

273 1408 302 1433 c.
332 1394 442 1432 XXV
463 1408 505 1432 ex
535 1407 576 1431 eo
606 1394 707 1431 citat.
741 1393 824 1431 Nic.
856 1393 915 1430 XI
943 1406 1028 1430 eum
1057 1406 1131 1430 nou
1160 1393 1335 1441 sequitur.
1377 1392 1530 1442 Saepius
1551 1406 1636 1430 eum

272 1461 419 1509 citavit;
459 1462 527 1499 hac
554 1461 594 1499 in
632 1461 707 1499 vita
737 1465 813 1508 ter,
846 1475 874 1499 c.
905 1459 1068 1508 XXIII,
1099 1459 1269 1508 XXXV,
1299 1460 1524 1499 XXXVIII.

327 1530 368 1568 C.
398 1530 550 1569 XXIII.
581 1530 854 1580 Theophrastus
884 1530 1046 1567 narravit
1075 1543 1096 1567 a
1127 1530 1266 1568 Pericle
1292 1530 1490 1581 quotannis
1510 1530 1635 1568 decem

272 1599 410 1637 talenta
455 1599 563 1637 missa
606 1614 682 1638 esse
727 1599 895 1650 Spartam
939 1599 983 1637 ad
1029 1599 1286 1650 magistratus,
1326 1604 1369 1637 ut
1400 1598 1535 1637 bellum
1568 1598 1635 1636 dif-

268 1669 401 1714 ferret,
436 1682 508 1706 non
539 1682 665 1717 pacem
694 1669 759 1706 sed
787 1674 932 1718 tempus
960 1668 1004 1705 ab
1044 1668 1088 1705 iis
1118 1682 1255 1707 emens.
1314 1668 1516 1714 Quaeritur
1544 1681 1632 1705 num
1676 1693 1678 1695 -

267 1743 414 1783 πάντες
448 1741 485 1777 οἱ
514 1743 556 1777 ἐν
587 1739 688 1778 τέλει
721 1737 875 1788 Spartae
914 1737 965 1774 sic
1002 1741 1344 1787 corrumperentur,
1383 1741 1421 1774 et
1457 1736 1634 1786 quamdiu

268 1805 337 1842 hoc
365 1805 506 1843 factum
536 1805 596 1843 sit.

320 1871 362 1910 C.
392 1872 554 1912 XXXV.
586 1875 619 1911 A
647 1873 798 1912 Simmia
828 1874 1004 1913 Periclem
1033 1879 1245 1912 accusatum
1275 1886 1364 1911 esse.

319 1940 363 1977 C.
392 1940 619 1978 XXXVIII.
658 1941 935 1991 Theophrastus
964 1942 1001 1980 in
1040 1941 1204 1989 Ethicis‚
1246 1955 1355 1992 opere
1393 1942 1439 1979 ab
1478 1944 1625 1982 “Ηθικ.

265 2026 352 2060 χαρ.
387 2008 484 2059 quod
514 2008 710 2058 habemus,
734 2010 840 2060 plane
871 2010 1032 2058 diverso,
1054 2011 1161 2049 anxie
1191 2024 1368 2062 quaerens
1391 2024 1437 2048 an
1467 2023 1533 2061 pro
1557 2009 1630 2048 for-

262 2082 372 2114 tunae
402 2078 547 2114 casibus
577 2079 824 2117 immutentur
863 2093 979 2117 mores
1007 2085 1044 2117 et
1074 2080 1235 2130 corporis
1280 2080 1464 2117 doloribus
1506 2079 1628 2117 affecti

260 2147 437 2184 amittant
468 2146 662 2194 virtutem,
696 2147 881 2195 narravit,
913 2148 1090 2186 Periclem
1121 2152 1377 2199 aegrotantem
1406 2148 1522 2186 amico
1551 2147 1628 2186 cui-

260 2215 344 2252 dam
373 2215 579 2253 ostendisse
609 2217 838 2263 amuletum,
874 2217 972 2267 quod
1006 2218 1178 2254 mulieres
1210 2220 1297 2269 (non
1327 2231 1413 2255 sane
1452 2217 1627 2267 Aspasia,

258 2299 352 2335 quae
393 2289 472 2323 tum
511 2284 673 2325 abfuisse
713 2286 861 2338 dicitur)
900 2286 991 2325 collo
1021 2286 1303 2337 imposuissent,
1334 2299 1406 2336 quo
1438 2289 1627 2337 appareret

256 2368 365 2403 quam
395 2355 629 2392 vehementer
658 2360 887 2404 aegrotaret,
907 2355 1006 2404 quod
1031 2355 1140 2392 talem
1171 2356 1341 2392 toleraret
1361 2355 1622 2392 insulsitatem.

256 2422 378 2461 Huius
409 2423 708 2462 narratiunculae
749 2423 940 2462 veritatem
972 2428 1155 2475 praestare
1194 2423 1326 2471 nolim;
1362 2423 1392 2461 si
1423 2437 1505 2462 vera
1548 2427 1625 2470 est,

254 2507 327 2531 non
355 2493 442 2531 inde
469 2495 593 2544 colligi
622 2499 765 2544 potest,
795 2494 948 2532 Periclis
977 2494 1143 2532 animum
1164 2498 1243 2531 tum
1259 2494 1373 2531 fuisse
1394 2494 1550 2531 fractum
1575 2494 1622 2543 l).

295 2660 321 2694 l)
349 2660 387 2686 De
409 2661 656 2696 peripateticorum
681 2661 791 2688 ratione
815 2660 954 2688 tractandi
978 2661 1124 2689 historiam
1145 2664 1227 2689 acute
1248 2661 1408 2697 disputavit
1430 2660 1571 2694 Sffltenis,
1594 2659 1623 2687 in

252 2716 338 2753 praes.
360 2715 395 2744 ad
419 2717 505 2744 vitam
532 2716 680 2750 Aristidis,
704 2725 731 2753 p.
756 2717 811 2751 14,
836 2716 951 2745 haecce:
