1784 3201
936 246 985 283 36

328 358 472 397 Invecti
504 362 594 397 sunt
622 362 659 398 οἱ
687 363 776 410 περὶ
807 362 874 399 τὸν
906 362 954 400 Θ.
988 363 1144 411 ῥήτορες
1167 359 1207 397 in
1229 358 1410 399 Periclem
1431 360 1478 399 ob
1499 366 1644 401 sumtus

273 430 311 467 in
349 429 413 467 illa
447 428 610 467 aedificia
636 429 845 477 impensos,
876 442 1033 479 quorum
1063 435 1187 467 tamen
1219 430 1381 480 quinque
1415 429 1521 468 annis
1559 436 1643 480 post

197 531 209 538 ,
272 496 440 535 Cimonis
468 501 623 534 mortem
652 510 727 534 non
757 497 872 535 multa
903 497 1067 535 confecta
1096 497 1238 536 erant.’'
1280 498 1460 544 Omnino,
1480 498 1545 536 sed
1564 498 1638 536 iam

273 565 582 613 aedificabantur,
614 570 651 604 et
676 565 745 604 hoc
771 566 893 617 ipsum
917 571 1064 618 tempus
1089 571 1340 618 opportunum
1360 572 1440 606 erat
1459 581 1637 606 accusan-

273 636 375 674 tibus
408 635 603 682 Periclem,
639 649 714 674 non
742 649 826 673 vero
856 640 1051 686 postquam
1077 636 1237 686 perfecta
1267 641 1355 675 sunt
1385 651 1640 687 summamque

273 704 388 742 totius
417 704 594 743 Graeciae
623 704 904 743 admirationem
937 705 1161 743 excitarunt.

330 773 585 823 ''Thucydides
622 773 845 820 historicus,
884 774 916 811 si
951 774 1044 811 alius
1086 774 1217 812 fuisset
1247 774 1333 812 belli
1371 775 1447 812 dux
1475 775 1514 811 in
1544 774 1640 812 bello

274 841 417 887 Samio,
447 842 548 879 hunc
567 841 776 880 accuratius
796 841 1057 880 describeret.''
1081 841 1214 880 Fateor
1234 842 1303 880 hoc
1323 841 1520 880 verisimile
1542 856 1637 889 esse,

273 909 437 947 dubitari
467 914 590 947 tamen
621 914 745 959 potest
773 923 858 947 eum
891 909 1044 947 Groteo.

326 978 436 1026 Quod
470 978 517 1016 ad
546 978 791 1016 coniecturam
817 978 973 1025 attinet;
1008 990 1119 1028 quare
1147 978 1217 1016 hoc
1244 978 1325 1016 loco
1351 979 1396 1027 (c.
1422 980 1486 1030 16)
1513 979 1638 1029 loque-

274 1052 376 1086 retur
412 1047 635 1086 Plutarchus
678 1047 723 1085 de
762 1046 859 1085 bello
898 1047 1023 1085 Samio
1066 1061 1140 1085 non
1179 1047 1361 1098 intelligo.
1422 1048 1539 1086 Verba
1569 1052 1636 1089 τὸν

269 1122 525 1170 ὀστράκισμον
555 1130 633 1155 esse
662 1116 858 1163 emblema,
889 1116 1054 1166 accipere
1083 1117 1210 1154 malim
1236 1117 1281 1167 l).

325 1187 448 1225 Litem
482 1186 652 1223 dirimere
681 1199 833 1236 neque0.
867 1185 1071 1223 Annotatio
1100 1184 1294 1223 Ribbeckii
1317 1186 1380 1235 qui
1410 1199 1453 1223 eo
1481 1186 1561 1223 loco
1580 1199 1636 1223 ac-

271 1259 397 1294 curate
425 1254 536 1293 etiam
566 1254 610 1291 de
639 1254 720 1292 aliis
746 1254 836 1292 locis
875 1254 920 1292 ad
949 1254 1200 1305 Thucydidem
1240 1254 1512 1303 pertinentibus
1546 1253 1635 1304 egit,

270 1324 488 1375 dignissima
520 1327 577 1361 est
606 1336 701 1373 quae
727 1322 881 1373 legatur.

326 1393 493 1444 Denique
530 1393 620 1432 haec
658 1392 703 1431 de
740 1392 953 1444 Thucydide
981 1392 1179 1431 statuenda
1211 1406 1289 1431 esse
1320 1392 1409 1430 mihi
1445 1392 1636 1430 videntur:

270 1464 360 1502 Fuit
393 1464 449 1501 vir
491 1462 651 1513 probus,
688 1467 884 1508 constans,
924 1463 1089 1512 integer,
1127 1462 1185 1500 cui
1225 1475 1435 1512 persuasum
1463 1466 1541 1499 erat
1571 1475 1636 1511 per

271 1533 449 1572 Periclem
495 1532 686 1571 civitatem
723 1531 816 1570 male
845 1531 1120 1578 administrari,
1149 1545 1314 1570 summus
1342 1534 1483 1576 orator,
1514 1543 1634 1568 rerum

271 1603 503 1653 politicarum
537 1601 700 1651 peritus3
730 1601 891 1650 partium
921 1600 1253 1638 aristocraticarum
1284 1600 1451 1649 princeps
1480 1613 1542 1649 per
1568 1599 1634 1636 ali-

271 1677 362 1723 quot
390 1685 505 1710 annos
534 1684 660 1708 omnes
693 1669 786 1708 vires
813 1668 977 1707 intendit
1006 1673 1048 1707 ut
1070 1667 1232 1706 vinceret
1252 1667 1447 1715 Periclem,
1469 1667 1527 1706 cui
1549 1680 1633 1705 vero

270 1742 466 1780 succubuit
490 1746 528 1778 et
552 1739 792 1790 temporibus.
821 1739 1026 1789 Postquam
1053 1752 1096 1776 ex
1119 1738 1248 1776 exsilio
1270 1738 1384 1776 rediit
1402 1737 1443 1775 in
1463 1736 1632 1786 patriam,

270 1809 511 1860 optimatibus
540 1809 614 1846 iam
643 1807 826 1858 oppressis
856 1811 895 1844 et
926 1806 1055 1844 timide
1085 1810 1123 1843 et
1151 1805 1288 1843 furtive
1317 1804 1529 1855 agentibus,
1561 1816 1632 1841 mo-

270 1878 459 1916 detatione
488 1877 585 1915 bello
613 1877 736 1927 pulsa,
767 1889 878 1914 senex
894 1880 1080 1926 pugnator
1099 1888 1119 1912 a
1139 1874 1371 1925 sycophantis
1392 1877 1545 1911 vexatus
1565 1876 1630 1910 est.

315 2037 341 2073 l)
367 2036 429 2066 vid.
458 2036 542 2065 etiam
571 2035 713 2070 Clarisse,
746 2034 959 2063 Commentatio
987 2032 1113 2062 literaria
1140 2032 1174 2060 de
1202 2031 1325 2066 Pericle,
1347 2040 1414 2060 ann.
1437 2030 1580 2064 xxvm,
1604 2040 1630 2067 p.

272 2094 328 2123 198
350 2104 410 2132 sqq.
