1772 3188
824 229 841 269 7

152 346 355 397 Macaulay‚
397 344 460 395 qui
496 357 580 382 eum
617 346 725 382 vocat
753 340 958 393 principem
988 340 1131 380 scholae
1160 341 1376 394 scriptorum
1407 344 1512 383 scho-

152 417 383 461 lasticorum,
414 414 479 464 qui
506 414 577 452 sibi
605 414 676 464 ipsi
707 412 832 462 magni
861 411 1070 462 philosophi
1100 417 1137 450 et
1168 413 1236 451 viri
1267 414 1408 464 politici
1436 429 1512 453 esse

152 484 399 530 videbantur,
445 486 610 533 tempora
651 491 752 536 quae'
788 480 1079 532 descripserunt,
1125 495 1199 519 non
1238 482 1513 533 intelligentes3

152 552 286 603 quique
315 550 411 588 viros
441 549 547 587 nobis
575 555 845 601 proposuerunt
870 550 1071 589 fastidiosis
1091 551 1276 602 praeditos
1297 551 1512 599 virtutibus,

151 620 306 658 stolidos
335 623 372 656 et
400 623 612 668 arrogantes
636 618 678 669 1).
1413 660 1417 663 ¹

205 689 338 739 Neque
381 692 503 725 tamen
547 700 685 738 aequus
729 687 840 726 iudex
874 687 947 726 fuit
985 688 1150 739 AngluS,
1196 702 1278 726 nam
1323 688 1510 727 Plutarchi

151 758 324 797 vitiorum
345 770 495 802 memor,
509 756 689 794 virtutum
714 756 906 795 immemor
927 761 993 795 est.
1027 756 1108 795 Hoc
1127 762 1290 808 tempore
1309 758 1509 808 aequiores,

150 827 189 876 ni
219 826 342 871 fallor,
372 825 512 862 iudices
541 825 781 871 exstiterunt,
816 826 1093 871 Westermann‚
1125 826 1291 875 Sauppe,
1325 826 1509 874 Sintenis‚

151 895 224 933 alii.
256 893 434 943 Equidem
466 907 511 931 ex
539 893 681 944 scriptis
711 894 788 931 eius
818 894 928 931 vitam
961 894 1109 931 Periclis
1137 894 1230 944 elegi
1263 894 1358 932 unde
1382 908 1509 945 quaes-

149 964 266 1001 tiones
311 963 505 1000 deliberem
548 967 672 1014 aptum
716 962 950 1014 praebituras
992 963 1253 1014 disputationis
1283 963 1510 1003 academicae

153 1037 414 1084 argumentum
450 1033 539 1071 mihi
571 1033 690 1071 liceat.

710 1278 812 1302 PER]
826 1278 942 1302 CLES.

200 1373 360 1411 Pericles
398 1371 637 1410 Atheniensis
673 1373 843 1422 aequales
882 1372 927 1410 ad
966 1384 1069 1410 suam
1107 1373 1394 1412 familiaritatem
1434 1388 1507 1413 non

146 1440 383 1486 admittebat,
412 1440 604 1490 profanum
633 1440 766 1490 vulgus
795 1440 941 1478 arcebat
964 1441 1022 1491 2),
1053 1442 1240 1491 perpaucis
1275 1443 1436 1492 contigit
1468 1443 1505 1480 in

147 1510 296 1547 intimos
325 1509 441 1547 animi
470 1509 548 1546 eius
568 1522 732 1546 recessus
754 1507 936 1547 coniicere
952 1510 1090 1548 oculos.
1124 1510 1208 1556 Quo
1232 1511 1367 1548 factum
1390 1515 1446 1548 est
1467 1516 1507 1549 ut

147 1578 258 1628 vulgo
287 1591 361 1616 non
391 1578 681 1627 intellegeretur.

197 1645 387 1683 Videbant
414 1646 659 1683 Athenienses
683 1645 920 1684 consiliorum
949 1647 1028 1684 eius
1055 1647 1209 1685 effectus
1228 1648 1369 1694 felices,
1391 1649 1505 1686 admi-

143 1714 317 1753 rabantur
357 1719 537 1752 oratorem
577 1715 721 1765 ipsique
759 1715 959 1765 parebant3
999 1716 1255 1765 praedicabant
1288 1717 1382 1755 facta
1417 1717 1504 1755 belli

143 1782 247 1820 ducis
290 1782 418 1833 periti,
447 1783 660 1833 prudentis,
690 1783 752 1833 qui
782 1783 878 1821 cives
906 1783 1024 1821 salvos
1056 1797 1171 1833 usque
1199 1785 1236 1823 in
1266 1785 1421 1835 patriam
1451 1799 1503 1823 re-

144 1850 271 1896 duxit}
316 1856 478 1900 stratego
518 1851 750 1888 confidebant
787 1852 826 1888 in
867 1852 975 1889 rebus
1016 1853 1176 1901 politicis
1214 1853 1266 1890 ita
1305 1858 1347 1890 ut
1388 1867 1503 1902 paene

141 1918 263 1956 omnia
304 1919 337 1956 ei
386 1919 593 1966 traderent3
636 1919 701 1957 sed
744 1932 818 1957 non
862 1919 1133 1969 intellegebant
1172 1920 1288 1958 virum
1333 1934 1503 1972 gravem,

141 1989 274 2026 summi
307 1988 467 2039 ingenii,
504 2003 740 2039 summaeque
774 1989 1017 2040 integritatiS‚
1046 1990 1327 2040 philosophum,
1356 2005 1503 2041 prorsus

142 2058 283 2096 diversa
311 2058 358 2096 ab
386 2058 431 2095 iis
462 2058 604 2096 ratione
634 2062 816 2108 agentem.

193 2127 320 2165 Unum
350 2128 553 2177 excipimus
581 2127 832 2177 Thucydidem
847 2156 857 2172 ,
889 2128 953 2178 qui
978 2127 1054 2165 fere
1073 2127 1172 2165 solus
1191 2129 1398 2178 aequalium
1418 2143 1502 2167 eum

140 2195 326 2243 laudavit;
357 2196 469 2235 ceteri
504 2196 567 2247 qui
602 2196 646 2235 de
680 2210 723 2234 eo
753 2200 925 2247 egerunt,
955 2196 1000 2234 ad
1030 2210 1143 2235 unum
1178 2211 1305 2236 omnes
1335 2198 1399 2235 alii
1428 2198 1502 2236 alio

180 2369 206 2405 l)
232 2369 273 2397 De
299 2369 425 2398 Historia
446 2369 607 2403 scribenda,
632 2369 718 2398 1828.
746 2369 856 2406 Scripta
879 2368 1004 2403 minora,
1019 2378 1089 2407 quae
1111 2369 1185 2397 edita
1207 2369 1318 2397 suntin
1339 2369 1500 2398 Germania.

179 2425 207 2460 2)
231 2426 364 2459 Curtius,
396 2426 445 2454 Gr.
468 2425 567 2454 Gesch.
590 2425 633 2454 ΙΙ.
657 2425 724 2455 175.
760 2425 798 2452 Es
821 2424 906 2452 fehlte
929 2424 986 2453 ihm
1009 2425 1054 2453 die
1076 2425 1153 2453 Gabe
1176 2425 1260 2453 leicht
1283 2425 1339 2453 und
1363 2425 1499 2454 unbesan-

136 2488 188 2514 gen
212 2480 264 2508 mit
285 2480 339 2508 den
361 2481 468 2508 Leuten
491 2480 538 2507 des
563 2480 647 2508 Volks
669 2489 700 2508 zu
725 2480 897 2513 verkehren;
919 2489 948 2507 es
970 2480 1055 2507 sehlte
1078 2480 1134 2507 ihm
1157 2480 1206 2507 das
1220 2480 1367 2515 leutselige
1384 2480 1481 2508 Wesen
1495 2502 1502 2514 ,

134 2533 223 2563 durch
256 2536 372 2564 welches
403 2536 503 2564 Cimon
528 2545 561 2564 zu
584 2536 683 2563 sesseln
707 2540 822 2569 wasme,
844 2535 894 2563 der
915 2536 956 2563 als
979 2537 1023 2564 ein
1046 2536 1199 2564 frohlicber
1221 2535 1380 2563 Lebemann
1403 2537 1498 2564 seinen

134 2590 317 2628 Mitbiirgern
340 2593 427 2620 nither
449 2592 540 2620 stand.
570 2591 692 2619 Pericles
714 2600 771 2618 war
795 2601 827 2618 zu
851 2591 1030 2619 verschieden
1056 2600 1107 2618 von
1131 2591 1180 2618 der
1204 2592 1307 2627 Menge
1329 2591 1377 2618 des
1394 2592 1500 2625 Volks3

133 2653 163 2672 er
197 2646 300 2680 subite,
333 2646 382 2675 das
404 2647 448 2676 die
471 2648 582 2684 Biirgcr
604 2647 686 2677 keine
708 2646 893 2684 Sonderiinge
915 2647 1018 2676 liebten
1041 2647 1099 2676 und
1121 2647 1180 2677 dics
1203 2647 1303 2676 Geffihl
1326 2648 1436 2676 machle
1451 2647 1500 2677 ihu

137 2700 283 2741 besangen,
