1772 3188
808 226 850 267 17

165 380 171 383 ,
196 339 315 377 Verba
344 350 435 389 quae
469 343 676 391 sequuntur
704 353 724 378 e
752 340 905 378 Nemesi
934 346 1078 380 sumta:
1100 342 1225 390 Μόλ’,
1253 339 1282 381 ὦ
1303 348 1378 383 Ζεῦ
1398 346 1501 390 ξένιε

140 410 205 447 καὶ
226 412 391 458 μακάριε
414 407 492 456 (alii
512 407 644 458 legunt
668 409 820 459 καραῖε)
843 408 919 446 fere
942 409 1176 459 significant:
1200 410 1286 457 Εεε,
1310 410 1501 463 Olympie‚

139 476 203 528 qui
231 476 316 515 ades
347 476 554 528 hospitibus
586 479 856 528 (Anaxagorae,
887 479 1082 529 Aspasiae,
1113 479 1213 530 aliis)
1244 484 1282 517 et
1312 481 1447 531 capito.

191 544 326 585 XXIV
353 547 390 585 3.
447 547 584 599 “Ηραν
620 548 661 587 τέ
691 551 730 588 οἱ
763 547 993 589 Ἀσπασίαν
1023 552 1147 590 τίκτει
1178 554 1501 602 Καταπυγοσύνη

138 615 348 664 παλλακὴν
378 616 586 656 κυνώπιδα
619 628 639 653 e
666 615 902 655 Chironibus.
960 618 1072 669 ζἩρα
1101 620 1296 658 Ασπασία
1325 622 1382 655 est
1410 631 1503 656 uxor

138 682 301 736 Olympii
340 682 514 729 Periclis;
554 684 787 734 παλλακήν,
830 698 914 723 nam
945 684 1104 723 Pericles
1138 686 1332 737 Aspasiam
1365 686 1500 725 iustam

139 765 286 791 uxorem
317 751 449 789 ducere
469 765 543 790 non
564 752 698 802 potuit.
731 753 790 790 Ad
812 754 927 791 iustas
948 754 1046 791 enim
1066 755 1216 804 nuptias
1245 755 1500 805 requirebatur

137 825 180 859 ut
215 824 331 870 nupta
367 819 476 858 etiam
516 825 615 858 esset
642 823 751 871 ἀστή.
809 821 935 860 Liberi
964 822 1116 860 Periclis
1147 828 1184 860 et
1217 824 1395 873 Aspasiae
1424 837 1499 862 non

137 892 239 928 erant
266 895 420 938 γνήσιοι
463 889 527 927 sed
565 894 694 930 νόθοι.
752 890 837 929 Vid.
881 905 960 941 cap.
999 891 1131 929 XXIV
1159 896 1180 932 ό
1214 897 1334 937 νόθος
1364 894 1407 933 δέ
1432 910 1497 943 μοι

138 959 201 1008 ζῆ;
231 960 301 994 cet·
327 956 371 1006 ¹)-

193 1024 298 1063 XIII
326 1026 364 1063 4.
395 1039 414 1063 e
442 1025 633 1065 Thressis:

520 1097 566 1135 Ὃ
596 1098 877 1148 σχινοκέφαλος
904 1101 1003 1142 Ζεύς
1031 1099 1098 1137 ὅδε

406 1164 659 1215 προσέρχεται
689 1166 853 1216 τῴδεῖον
885 1167 947 1204 ἐπὶ
979 1171 1044 1205 τοῦ
1077 1167 1241 1215 κρανίου

409 1234 525 1283 ἔχων,
557 1233 693 1283 ἐπείδη
721 1236 960 1284 τοῦστρακον
990 1233 1236 1284 παροίχεται.

190 1300 401 1351 Legebatur
421 1302 639 1351 Περικλέης
655 1307 742 1339 ante
760 1315 887 1339 vocem
908 1303 1083 1347 τῴδεῖον,
1113 1300 1193 1338 iure
1222 1300 1358 1337 delevit
1379 1300 1497 1338 Cobet

136 1368 223 1406 Var.
253 1367 354 1406 Lect.
384 1381 419 1417 p.
450 1368 544 1414 371,
574 1368 665 1406 372.

190 1434 279 1472 Non
313 1440 442 1473 notum
471 1441 526 1473 est
554 1448 599 1473 ex
629 1449 783 1486 quanam
804 1435 928 1473 fabula
947 1435 1049 1473 XIII
1071 1437 1109 1473 3.
1134 1440 1257 1472 sumta
1276 1435 1351 1472 sint
1371 1436 1494 1475 πάλαι

135 1506 208 1554 γὰρ
237 1505 331 1544 αὐτὸ
362 1508 526 1553 Λόγοισι
561 1510 725 1555 προάγει
756 1505 988 1556 Περικλέης,
1020 1507 1165 1556 ἔργοισι
1201 1504 1236 1542 δ’
1261 1504 1352 1542 οὐδέ
1376 1509 1491 1543 κινεῖ.

135 1573 168 1608 Α
190 1570 341 1609 Cratino
370 1572 510 1610 luditur
540 1573 699 1610 Pericles
730 1573 828 1622 quod
848 1573 983 1610 lentius
1009 1573 1246 1610 aedificentur
1266 1573 1359 1609 muri
1379 1572 1493 1621 longi.

189 1639 404 1692 Hermippi
432 1655 577 1680 versus:
610 1655 640 1680 c.
669 1642 848 1679 XXXIII
876 1645 912 1680 4.

349 1709 509 1761 βασιλεῦ
538 1714 727 1760 σατύρων,
758 1713 796 1749 τί
833 1710 918 1748 ποτ’
951 1711 1020 1749 οὐκ
1048 1710 1199 1756 ἐθέλεις

349 1779 442 1829 δόρυ
474 1765 701 1829 βαστάζειν,
731 1777 834 1817 ἀλλὰ
864 1778 1003 1826 λόγους
1029 1781 1101 1827 μὲν

350 1850 436 1897 περὶ
464 1854 531 1886 τοῦ
562 1848 735 1897 πολέμου
769 1848 922 1891 δεινούς
950 1848 1123 1898 παρέχῃ,

347 1920 481 1967 ψυχὴν
511 1916 552 1955 δὲ
585 1916 756 1965 Τελῆτος
785 1917 953 1967 ὑπέστης
967 1929 982 1959 ;

130 2073 195 2102 τῶν
218 2073 441 2110 ἀσεβούντων,
463 2076 509 2112 μὴ
530 2075 631 2110 μόνον
656 2077 807 2114 χρῆσθαι
832 2082 899 2116 τοῖς
922 2077 1164 2115 γεγραμμένοις
1187 2077 1296 2113 νόμοις
1319 2079 1397 2117 περὶ
1423 2077 1485 2106 αὐ-

132 2130 205 2164 τῶν,
239 2130 322 2160 ἀλλὰ
355 2133 410 2160 καὶ
442 2137 512 2165 τοῖς
543 2132 720 2172 ἀγράφοις,
756 2130 837 2161 καθ’
876 2132 930 2166 οὓς
953 2131 1174 2168 Εὐμολπίδαι
1197 2133 1411 2172 ἐξηγοῦνται,
1434 2133 1489 2167 οὓς

130 2189 243 2222 οὐδείς
265 2199 313 2218 πω
338 2190 451 2229 κύριος
472 2190 607 2227 ἐγένετο
625 2189 790 2219 καθελεῖν
814 2189 893 2219 οὐδὲ
916 2190 1097 2229 ἐτόλμησεν
1121 2190 1301 2221 ἀντειπεῖν,
1325 2189 1405 2218 οὐδὲ
1430 2189 1488 2218 αῦ-

130 2244 186 2272 τὸν
220 2244 277 2273 τὸν
311 2245 419 2273 θέντα
452 2247 578 2274 Ιι’σηισιν·
613 2247 774 2285 ἡγεῖσθαι
807 2248 869 2285 γὰρ
899 2247 940 2275 ἂν
964 2246 1088 2280 αὐτοὺς
1112 2247 1211 2280 οὕτως
1235 2247 1274 2275 οὐ
1296 2245 1396 2282 μόνον
1418 2251 1487 2279 τοῖς

128 2299 317 2340 ἀνθρώποις
339 2300 425 2331 ἀλλὰ
448 2304 504 2331 καὶ
529 2308 596 2336 τοῖς
625 2304 720 2337 θεοῖς
744 2303 881 2333 δι’δοναι
916 2303 1024 2342 δίκην.
1068 2302 1133 2331 Non
1163 2303 1235 2331 idem
1269 2306 1330 2332 erat
1351 2303 1489 2339 ἀσεβεῖν

129 2356 232 2384 Pericli
264 2366 296 2385 ac
327 2357 446 2395 populo,
473 2358 520 2395 qui
545 2360 741 2395 Anaxagoram
773 2362 801 2386 et
833 2358 978 2394 Aspasiam
1005 2357 1040 2385 ob
1066 2357 1225 2393 ἀσέβειαν
1258 2359 1488 2396 persequebatur.

127 2412 201 2443 Fieri
224 2417 316 2452 potest
338 2417 369 2444 ut
391 2414 451 2452 ipsa
473 2415 540 2444 haec
561 2415 703 2444 sententia
724 2418 817 2444 sumta
839 2414 876 2443 sit
897 2425 929 2444 ex
952 2416 1080 2444 oratioue
1101 2425 1155 2453 qua
1178 2415 1249 2443 hane
1271 2414 1315 2443 vel
1337 2413 1416 2443 illum
1437 2413 1486 2443 de-

127 2468 263 2498 fenderet.
298 2470 359 2497 Hoc
381 2470 480 2507 Lysiae
495 2470 533 2497 nil
549 2470 702 2503 intererat,
720 2469 870 2498 dummodo
885 2470 1000 2497 consilio
1022 2470 1195 2499 conveniret.
1227 2469 1269 2498 cf.
1291 2470 1377 2497 etiam
1398 2469 1488 2497 Thuc.

128 2522 169 2554 II.
193 2524 241 2556 37.
264 2542 302 2547 —
330 2526 368 2555 οὐ
392 2527 664 2567 παρανομοῦμεν,
686 2525 751 2555 τῶν
781 2537 817 2555 τε
842 2526 896 2555 αεὶ
919 2525 952 2555 ἐν
987 2526 1069 2567 ἀρχῇ
1097 2524 1197 2556 ὄντων
1221 2526 1392 2567 ἀκροάσει,
1426 2526 1483 2555 καὶ

126 2581 190 2610 τῶν
211 2583 334 2620 νόμων,
369 2586 426 2613 καὶ
459 2584 604 2620 μάλιστα
635 2569 745 2613 αὐτῶν
770 2584 836 2612 ὅσοι
861 2596 895 2613 τε
930 2582 980 2613 ἐπ’
1009 2584 1150 2621 ὠφελείᾳ
1175 2586 1240 2613 τῶν
1262 2584 1485 2619 ἀδικονμένων

128 2642 256 2668 κεῖνται
271 2663 277 2674 ,
302 2641 358 2669 καὶ
383 2639 450 2669 ὅσοι
474 2638 617 2680 ἄγραφοι
641 2638 734 2673 ὄντες
757 2640 918 2680 αἰσχύνην
941 2639 1209 2680 ὁμολογουμένην
1231 2640 1375 2680 φέρουσι.

170 2694 197 2733 l)
221 2695 266 2727 Cf.
286 2695 393 2726 Becker
417 2696 471 2734 (ed.
497 2697 667 2734 Hermanni)
690 2696 838 2726 Charikles
861 2707 887 2736 p.
910 2697 980 2730 287.
