1772 3188
813 235 860 275 11

155 353 235 392 Per.
280 363 311 389 c.
350 351 413 389 32.
449 351 483 397 3.
515 350 635 396 dicat,
678 353 721 390 τὸ
752 349 788 390 δ’
817 350 967 402 ἀληθὲς
1002 349 1163 401 ἄδηλόν.
1209 347 1297 386 Nic.
1327 350 1349 385 9
1384 347 1513 385 haecce

154 423 352 472 leguntur:
382 421 430 461 ‘0
448 423 520 471 μὲν
550 424 624 472 γὰρ
656 420 881 467 ἐπάἷτίαις
902 425 1060 471 μικραῖς
1089 423 1141 466 εἷς
1170 421 1367 469 συμφορὰς
1399 421 1516 467 μεγά-

156 492 226 537 λας
256 489 441 542 ἐμβαλεῖν
476 490 600 528 ἐδόκει
634 491 722 535 τούς
745 488 960 539 εΈλληνας.

211 556 297 608 Cap.
332 558 396 596 31.
425 556 535 594 initio
566 560 689 595 tamen
719 560 860 608 spectat
890 556 936 594 ad
963 555 1213 607 Thucydidem
1244 554 1276 595 I.
1310 555 1399 592 140.

213 626 288 666 Ion
321 624 456 665 Chius.
491 626 654 664 Primum
685 626 871 664 videamus
898 627 979 677 quis
1006 627 1136 671 fuerit,
1168 625 1302 664 deinde
1330 622 1515 675 quomodo

158 707 201 734 eo
231 707 316 732 usus
341 694 390 732 sit
418 693 567 732 Noster.

212 764 281 802 Ion
304 763 416 801 variis
444 767 595 812 poeseos
625 763 820 813 generibus
853 763 1068 801 excelluisse
1098 762 1254 809 dicitur,
1283 762 1395 799 fuisse
1417 760 1515 798 enim

159 834 268 884 poeta
310 831 490 882 tragicum
534 831 689 883 lyricus,
737 832 930 883 praecipue
980 845 1065 870 vero
1094 831 1394 883 dithyrambicuS.
1462 829 1517 867 De

160 902 240 940 eius
269 914 419 951 operum
450 901 571 939 titulis
599 915 620 939 a
650 901 739 939 viris
768 901 888 939 doctis
921 901 1037 939 multa
1070 901 1260 951 disputata
1288 904 1385 938 sunt.
1425 899 1516 937 Eius

160 970 329 1007 feruntur
357 971 462 1009 Χίου
491 971 626 1015 κτίσις,
656 969 861 1019 ἐπιδημίαι
894 970 928 1017 (a
957 968 1145 1008 nonnullis
1174 968 1320 1018 spuriae
1353 967 1516 1013 habitae,

159 1052 192 1077 a.
227 1037 336 1075 Doct.
369 1036 490 1074 Ruehl
515 1036 598 1074 Ioni
631 1035 829 1088 tributae),
858 1039 1141 1087 ὑπομνήματα,
1172 1038 1517 1088 συνεκδημητικὸς,

162 1109 455 1158 πρεςβευτικός,
500 1108 696 1155 τριαγμοί,
727 1104 824 1154 quod
851 1104 950 1142 idem
978 1118 1071 1155 opus
1099 1118 1177 1143 esse
1206 1105 1343 1142 dicitur
1368 1116 1410 1140 ac
1434 1117 1518 1142 κοσ-

161 1176 383 1226 μολογικός.
440 1173 497 1211 De
537 1173 632 1211 libro
675 1173 738 1223 qui
765 1173 980 1212 inscribitur
1007 1176 1282 1226 πρεσβευτικὸς
1311 1173 1439 1222 λόγος,
1476 1170 1520 1208 de
1573 1208 1576 1211 .

163 1257 234 1295 quo
263 1247 428 1282 ceterum
456 1242 550 1280 nihil
579 1246 745 1289 constat,
775 1243 996 1281 Scholiastes
1023 1243 1068 1280 ad
1095 1243 1248 1288 Pacem,
1278 1255 1332 1279 vs.
1363 1241 1435 1278 817
1467 1240 1520 1277 di-

164 1313 236 1351 cit:
269 1316 314 1353 ὃν
346 1316 470 1353 νόθον
502 1314 677 1359 ἀξιοῦσιν
708 1310 811 1352 εἶναι’
844 1330 947 1359 τινες
978 1316 1044 1352 καὶ
1075 1314 1160 1365 οὐχὶ
1192 1313 1324 1352 αὐτοῦ.

189 1434 192 1439 Δ
218 1380 524 1423 Adolescentulus
564 1380 730 1419 Athenas
771 1381 873 1419 venit
900 1381 1025 1431 ibique
1056 1394 1225 1431 magnam
1256 1380 1352 1418 vitae
1381 1383 1520 1430 partem

165 1453 279 1504 degit.
336 1452 530 1495 Interdum
559 1453 596 1490 in
628 1453 780 1502 patriam
816 1453 925 1491 rediit
957 1452 1054 1492 bona
1082 1452 1363 1491 administrandi
1397 1465 1520 1497 causa,

164 1526 205 1559 ut
233 1521 393 1568 videtur,
425 1535 517 1572 quae
546 1521 580 1559 ei
609 1521 661 1559 ibi
689 1525 804 1560 erant.
834 1521 999 1560 Cimonis
1021 1522 1160 1560 amicus
1188 1522 1301 1559 fuisse
1330 1521 1466 1559 dicitur
1485 1524 1522 1557 et

165 1590 359 1640 reliquisse
392 1590 519 1629 urbem
551 1605 634 1629 cum
662 1591 813 1630 fautore.
873 1592 930 1629 De
955 1592 1156 1642 posteriore
1184 1596 1284 1641 parte
1316 1591 1395 1628 eius
1425 1590 1522 1627 vitae

162 1659 255 1697 nihil
285 1663 427 1697 constat
456 1673 579 1710 neque
608 1659 671 1698 ubi
701 1659 798 1698 diem
831 1660 979 1698 obierit.

216 1728 332 1767 Paulo
370 1732 566 1778 antequam
605 1729 863 1780 Aristophanis
892 1742 961 1780 pax
991 1729 1030 1767 in
1057 1743 1200 1767 scenam
1224 1728 1334 1766 ducta
1354 1732 1408 1765 est
1429 1728 1520 1773 (419

164 1811 195 1835 a.
224 1796 282 1848 C.)
313 1783 478 1835 mortuus
506 1811 585 1835 esse
615 1797 773 1835 videtur.
804 1798 924 1836 Schol.
954 1798 1039 1837 Pac.
1071 1812 1122 1836 vs.
1153 1798 1242 1836 837.

218 1866 339 1903 Multa
367 1880 453 1916 ergo
480 1867 653 1904 memoria
674 1866 787 1916 digna
816 1867 960 1904 tradere
988 1867 1112 1917 potuit
1136 1867 1180 1904 de
1208 1866 1317 1904 rebus
1342 1870 1421 1903 tum
1441 1865 1524 1902 aliis

164 1937 244 1971 tum
287 1934 446 1984 politicis
484 1935 583 1973 illius
613 1935 767 1981 aet-atis3
813 1948 872 1972 res
902 1948 987 1973 vero
1016 1935 1251 1985 gravissimas
1285 1947 1359 1971 non
1385 1937 1519 1971 tracta-

168 2002 262 2041 visse
290 2003 438 2041 videtur
467 2003 593 2041 hilaris
618 2008 738 2053 poeta.

218 2072 262 2110 In
296 2072 447 2110 Periclis
489 2072 568 2110 vita
605 2072 824 2110 Plutarchus
868 2086 953 2110 eum
991 2071 1121 2109 citavit
1157 2071 1232 2114 bis.
1277 2084 1306 2109 c.
1339 2070 1384 2108 V.
1433 2071 1454 2105 2
1488 2073 1525 2105 et

164 2153 241 2189 cap.
284 2140 461 2178 XXVIII
500 2143 545 2186 3,
592 2140 731 2178 nullam
774 2153 860 2178 vero
901 2154 1044 2178 causam
1083 2153 1160 2177 esse
1204 2138 1327 2176 sentio
1366 2150 1431 2174 cur
1466 2150 1522 2173 as-

164 2208 301 2246 sentiar
333 2208 380 2246 D.
413 2208 552 2255 Ruehl‚
596 2208 834 2247 contendenti
872 2208 1073 2246 Plutarcho
1105 2207 1143 2245 in
1173 2207 1241 2245 hac
1275 2205 1350 2243 vita
1382 2204 1524 2255 saepius

163 2373 231 2401 ἐστι
255 2375 311 2402 καὶ
336 2375 507 2413 κακοήθης
539 2373 647 2414 ὥσπερ
671 2374 702 2402 οἱ
726 2373 873 2408 Kraunoi
898 2373 954 2402 τὸν
970 2373 1116 2409 πόλεμον
1144 2371 1209 2401 ὑπὸ
1233 2374 1291 2401 τοῦ
1318 2371 1523 2410 Περικλέους

163 2429 391 2459 ἐκκεκαῦσθαι
415 2428 461 2459 δι’
488 2428 681 2460 Ἀσπασίαν
709 2431 730 2469 ἢ
754 2430 814 2459 δία
841 2429 986 2459 Φειδίαν
1008 2430 1263 2463 ἀποφαίνοντες,
1287 2429 1325 2458 οὐ
1348 2429 1521 2464 φιλοτιμία

162 2488 228 2514 τινὶ
264 2488 321 2515 καὶ
355 2487 543 2526 φιλονεικίᾳ
576 2487 701 2521 μᾶλλον
734 2487 887 2524 στορέσαι
919 2487 957 2514 τὸ
989 2485 1140 2525 φρόνημα
1165 2484 1441 2524 Πελοποννησίων
1466 2487 1521 2513 καὶ

163 2544 309 2582 μηδενὸς
329 2544 491 2581 ὑφεῖσθαι
514 2544 799 2580 Λακεδαιμονίοις
821 2542 1040 2581 θελήσαντος,

205 2601 233 2636 l)
258 2601 300 2630 De
321 2602 391 2631 Ione
410 2603 445 2631 cs.
469 2602 548 2631 Rich.
574 2601 693 2630 Bentleii
716 2600 750 2629 ad
774 2600 850 2630 Milt.
872 2604 899 2637 p}
922 2599 981 2628 404
1004 2609 1044 2637 sq.
1068 2609 1131 2637 opp.
1155 2598 1223 2636 phil.
1246 2598 1288 2627 ed.
1314 2598 1386 2635 Lips.
1405 2597 1525 2625 Schnei-

161 2653 251 2683 dewin
283 2656 324 2684 vel
349 2658 441 2693 potius
473 2656 581 2693 Bergk,
613 2657 640 2684 in
665 2665 749 2693 opere
771 2656 804 2683 de
827 2656 915 2692 poetis
938 2655 1008 2692 lyr„
1034 2655 1136 2688 Ruehl,
1161 2654 1205 2684 die
1227 2654 1345 2695 Quellen
1370 2652 1522 2683 Plutarchs

162 2707 199 2738 im
223 2709 314 2742 Leben
338 2710 385 2741 des
411 2711 533 2746 Κὶωοιι,
554 2711 663 2747 Ekke=·‚
687 2711 797 2741 Cimon.
822 2699 935 2744 Praen'
