1772 3188
779 265 828 304 33

173 378 248 428 Qui
278 392 402 417 versus
430 379 484 417 sic
510 379 584 418 fere
613 379 722 429 vulgo
751 380 1003 431 explicantur:

173 448 368 496 Quomodo
397 449 494 487 enim
517 462 673 499 aequum
703 453 784 496 est,
815 449 953 497 virum,
983 448 1091 487 annis
1119 447 1335 493 incurvum,
1366 445 1483 495 qualis

120 522 175 558 est
194 516 447 567 Thucydides,
477 516 706 567 implicatum
740 517 924 568 scythicae
954 515 1151 555 solitudini
1182 515 1222 563 (i.
1252 528 1286 553 e.
1316 513 1484 551 maximis

120 587 224 626 malis
271 585 481 636 obrutum),
521 585 640 636 perire
677 577 886 637 per⁴istum
916 585 1245 637 Cephisodemum,
1293 583 1481 632 loquacem

119 654 370 696 causidicum?
411 653 545 704 quippe
583 653 776 692 miseratus
815 668 896 692 sum
935 659 973 692 et
1010 653 1178 692 lacrimas
1215 651 1304 690 mihi
1346 650 1483 689 detersi

119 738 229 777 quum
266 721 341 761 vidi
369 735 390 760 a
419 721 612 772 sagittario
642 723 762 760 vexari
792 736 936 769 senem,
967 722 1030 773 qui
1060 722 1112 760 ita
1141 735 1198 759 me
1226 720 1338 759 Ceres
1367 723 1484 765 amet,

119 793 207 832 dum
236 795 313 831 erat
335 791 399 829 ille
427 791 659 842 Thucydides
688 792 743 829 vir
771 792 915 842 integer
942 792 1040 838 aevi,
1069 804 1115 829 ne
1135 790 1304 828 Cererem
1330 787 1481 840 quidem

118 862 240 914 ipsam
273 873 401 911 passus
439 859 571 898 fuisset
609 859 679 898 sibi
714 860 903 898 molestam
933 873 1033 906 esse;
1064 872 1188 898 verum
1218 859 1376 909 primum
1406 856 1481 894 luc·

118 930 232 971 tando
263 929 455 969 deiecisset
483 929 659 968 Euathlus
685 930 879 980 (Euathlus
919 934 974 969 est
1002 930 1165 981 sophista
1192 929 1285 968 male
1310 927 1480 977 audiens)

120 1001 264 1045 decem,
293 999 482 1037 clamando
510 1003 633 1037 autem
663 1004 701 1038 et
731 1000 962 1039 vociferando
982 1003 1190 1050 superasset
1209 997 1480 1049 sagittariorum

120 1068 189 1108 tria
232 1068 367 1116 millia,
412 1072 491 1107 tum
532 1068 677 1117 sagittis
725 1070 930 1108 confixisset
973 1068 1156 1120 sagittarii
1197 1068 1315 1118 ipsius
1355 1078 1482 1104 omnes

119 1140 304 1187 cognatos.

175 1205 408 1257 Thucydides
446 1205 510 1256 qui
538 1205 574 1244 h.
601 1206 625 1245 l.
656 1209 878 1244 memoratur
906 1220 927 1245 a
956 1206 1155 1245 scholiasta
1183 1206 1296 1244 fuisse
1326 1204 1481 1243 dicitur:

117 1276 540 1325 ἀντιπολιτευσὰμευος
569 1278 761 1326 Περικλεῖ
770 1292 785 1321 ;
815 1276 915 1314 huno
934 1289 1040 1327 ergo,
1061 1281 1256 1327 postquam
1283 1289 1329 1313 ex
1357 1274 1483 1312 exsilio

117 1344 156 1382 in
196 1343 351 1394 patriam
392 1342 524 1388 rediit,
572 1334 788 1381 criminibus
834 1347 1051 1394 persecutus
1093 1349 1148 1382 est
1189 1342 1482 1394 Cephisodemus

116 1412 281 1463 quidam.
311 1412 365 1449 Eo
394 1416 557 1462 tempore
588 1412 702 1461 (425,
733 1426 767 1450 a.
798 1414 843 1463 c.)
875 1426 984 1450 senex
1013 1418 1103 1451 erat.
1134 1413 1172 1450 Si
1200 1427 1233 1451 a.
1265 1414 1343 1449 444
1373 1412 1482 1449 homo

117 1480 455 1533 quinquegenarius
498 1481 576 1519 fere
619 1486 738 1528 esset,
770 1484 807 1520 'a.
839 1483 939 1529 425,
983 1496 1092 1520 senex
1126 1481 1306 1520 nominari
1336 1484 1480 1532 potest,

115 1563 223 1600 quem
253 1549 382 1587 exsilio
410 1549 569 1587 fractum
601 1562 679 1587 esse
710 1550 905 1588 verisimile
935 1555 1002 1589 est.

168 1619 340 1658 Ceterum
369 1620 494 1658 asinus
523 1620 664 1657 leonem
680 1619 899 1657 morientem
913 1619 1046 1657 feriens
1068 1619 1280 1670 saepissime
1301 1618 1473 1657 occurrit.

171 1686 370 1725 Adnotatio
398 1700 507 1737 quam
538 1686 705 1724 Ribbeck
736 1686 804 1724 hoc
833 1687 914 1724 loco
933 1687 1131 1738 adscripsit
1153 1687 1266 1737 digna
1295 1692 1352 1724 est
1382 1699 1476 1736 quae

112 1755 268 1805 legatur.
321 1755 438 1794 Simul
467 1754 664 1805 inquisivit
691 1755 728 1793 in
754 1755 1003 1806 quaestionem
1032 1770 1124 1808 quae
1156 1756 1261 1795 nobis
1290 1760 1476 1807 superest,

116 1825 198 1875 quis
217 1825 328 1862 fuerit
352 1824 586 1874 Thucydides
606 1824 669 1861 ille
683 1856 691 1870 ‚
713 1824 778 1874 qui
798 1825 843 1862 ab
863 1825 1040 1863 historico
1061 1826 1160 1863 inter
1178 1825 1266 1863 belli
1286 1825 1395 1862 duces
1415 1837 1481 1861 no-

116 1892 279 1931 minatur
321 1893 384 1944 qui
423 1892 663 1944 praefuerunt
703 1892 808 1931 classi
848 1893 888 1932 in
930 1893 1022 1932 bello
1052 1893 1195 1940 Samio,
1227 1892 1309 1932 Lib.
1340 1892 1371 1931 Ι.
1402 1906 1477 1943 cap.

117 1963 215 1999 117:
251 1968 316 2002 καὶ
348 1966 389 2001 ἐκ
419 1967 497 2003 τῶν
528 1961 727 2013 Ἀθηνῶν
759 1965 918 2014 ὕστερον
949 1969 1274 2016 προσεβοήθησαν
1295 1970 1479 2014 τεσσαρά-

116 2047 238 2072 κοντα
275 2036 347 2082 μὲν
388 2035 430 2071 αἱ
455 2036 551 2082 μετὰ
583 2033 830 2073 Θουκυδίδου
860 2038 925 2073 καὶ
955 2035 1172 2083 εἍγνωνος
1201 2038 1266 2073 καὶ
1301 2036 1477 2084 Φορμίω-

116 2117 180 2146 νος
217 2107 315 2150 νῆες.

170 2166 244 2205 Hic
262 2167 494 2219 Thucydides
512 2181 533 2206 a
549 2168 733 2219 plerisque
750 2169 924 2208 Melesiae
937 2170 1036 2208 filius
1052 2170 1166 2209 fuisse
1182 2170 1330 2209 dicitur.
1350 2169 1476 2218 Quum

114 2290 269 2326 sagittariis
301 2290 414 2319 relitum
443 2300 518 2325 esse,
548 2292 591 2320 vel
613 2296 656 2331 τῇ
677 2292 789 2322 Savo.
828 2294 875 2333 ἐρ.
898 2294 1039 2331 designari
1062 2296 1154 2332 ipsum
1176 2295 1318 2323 hominem
1342 2294 1478 2331 Cephiso·

114 2342 235 2375 demur'n.
259 2346 383 2375 Ribbeck
406 2348 506 2376 vertit:
529 2348 665 2385 Sprwht,
688 2349 738 2377 wie
755 2348 839 2378 ziemt
860 2349 961 2384 sich’s,
979 2349 1042 2378 dass
1059 2350 1196 2388 gebiickte
1217 2350 1315 2379 Greise
1337 2350 1388 2378 wie
1402 2350 1477 2378 Thu-

112 2399 243 2438 kydides,
260 2402 365 2430 schwer
382 2402 518 2438 bedriingt
540 2413 602 2431 zum
626 2405 704 2441 opfer
725 2405 810 2433 fallen
824 2405 1002 2442 skythischer
1020 2406 1243 2440 Verlnsseuheit,
1261 2406 1362 2434 diesem
1379 2406 1478 2433 Schust

114 2455 333 2493 Kephisodemos
354 2458 404 2486 der
430 2467 530 2495 sogern
554 2459 603 2486 der
625 2459 730 2496 Klager
753 2461 869 2489 macht?
914 2447 1029 2498 Ludwig
1051 2462 1168 2498 Seeger:

236 2513 277 2541 Ist
299 2522 327 2543 es
349 2514 442 2548 recht,
465 2513 528 2542 dass
549 2514 592 2543 ein
616 2515 810 2551 gekriimmter
835 2516 929 2552 Alter,
952 2517 1002 2545 wie
1024 2517 1216 2554 Thucydides,

240 2568 309 2597 Hier
333 2569 462 2597 verloren
483 2569 535 2603 ist,
558 2570 599 2598 als
619 2570 704 2598 Stack
725 2580 755 2599 er
778 2571 805 2598 in
829 2571 891 2600 dem
915 2572 1097 2610 Scythischen
1124 2572 1307 2601 Wiistenlaud

237 2623 334 2652 Durch
357 2624 589 2661 Kephisodemos,
608 2625 688 2662 jenes
710 2626 802 2655 freche
826 2626 1094 2657 Rabulistenmaul?

155 2677 250 2715 Quare
279 2680 330 2708 hoc
362 2680 422 2708 loco
452 2676 601 2720 Ἀχαία,
631 2682 795 2711 ἐπίθετον
828 2682 1019 2723 Δήμητρος,
1049 2687 1235 2718 memoretur,
1260 2683 1384 2712 nundum
1409 2689 1473 2722 npte

115 2732 276 2771 explicitum
297 2738 349 2765 est.
