1772 3188
819 274 865 312 27

215 392 356 432 Pariter
393 403 436 427 ea
474 402 567 438 quae
599 392 826 437 sequuntur,
856 402 875 425 e
905 388 1158 438 Theophrasto
1197 393 1317 426 sumta
1353 401 1431 426 esse
1470 389 1523 426 vi-

165 463 307 502 dentur.

220 529 392 570 Critolai
427 525 667 576 Peripatetici
710 526 802 563 nihil
840 526 941 563 aliud
972 526 1110 564 citatur
1142 539 1250 575 quam
1286 526 1522 564 memorabile

165 600 304 638 dictum
318 629 326 643 ,
359 597 405 645 (c.
429 595 520 646 VII)
547 594 724 632 Periclem
742 594 921 645 prodiisse
940 595 986 632 ad
1006 608 1158 644 magnas
1179 607 1236 632 res
1256 594 1519 641 conficiendas,

165 668 248 706 navi
280 664 498 703 Salaminiae
531 663 708 708 similem,
738 664 798 700 sed
829 668 949 700 cetera
978 664 1100 701 amicis
1128 664 1282 712 aliisque
1312 664 1518 712 reliquisse.

213 731 449 774 Heraclides
483 730 673 769 Ponticus
700 730 764 781 qui
792 730 917 768 floruit
947 744 977 768 c.
1015 732 1090 768 350
1128 731 1311 782 permulta
1348 731 1515 782 scripsit,

159 817 250 855 quae
277 802 383 841 nobis
412 800 621 851 perierunt;
651 814 743 850 opus
772 801 870 850 quod
905 800 1041 839 citatur
1062 805 1102 841 ἐκ
1136 806 1214 841 τῶν
1249 801 1516 852 Ἡρακλείδου

159 876 245 923 περὶ
274 872 501 912 Πολιτικῶν
536 873 704 918 excerpta
733 881 812 906 esse
848 869 1021 906 dicuntur
1049 869 1168 906 aliena
1198 882 1308 906 manu
1338 882 1380 906 ex
1413 869 1515 906 Aris-

157 941 282 980 totele.
340 940 428 977 Eius
455 938 572 976 fertur
597 938 622 976 i.
657 952 688 976 a.
724 951 814 988 opus
842 942 928 988 περὶ
958 941 1066 989 βίων.

209 1008 297 1059 Cap.
327 1007 482 1046 XXVII
509 1007 729 1045 Plutarchus
767 1007 877 1053 dicit,
918 1007 1154 1045 Heraclidem
1183 1007 1413 1058 perhibuisse
1448 1009 1512 1045 Ar-

157 1083 339 1117 temonem
375 1077 656 1127 Periphoretum
701 1077 881 1115 obsidioni
921 1077 1018 1115 Sami
1052 1077 1176 1115 adesse
1209 1091 1283 1114 non
1326 1077 1510 1127 potuisse,

156 1160 266 1197 quum
301 1146 360 1184 hic
388 1147 541 1183 Artemo
575 1145 691 1183 multo
724 1150 810 1183 ante
839 1145 1010 1191 vixisset,
1046 1146 1221 1183 citantem
1250 1158 1374 1183 versus
1413 1146 1509 1182 Ana·

156 1216 324 1255 creontis.
356 1238 405 1243 —
435 1214 519 1252 Vid.
551 1213 713 1251 SinteuiS
746 1213 793 1251 ad
823 1214 858 1252 h.
894 1214 918 1251 l.
948 1227 982 1263 p.
1015 1215 1102 1251 192.

208 1285 249 1322 C.
286 1283 434 1321 XXXV
461 1297 481 1320 a
509 1282 702 1320 Lacratida
729 1286 938 1320 accusatum
970 1296 1049 1319 esse
1079 1282 1255 1319 Periclem
1287 1281 1454 1319 tradidit.

208 1353 308 1390 Haec
342 1352 387 1389 de
420 1351 609 1389 Plutarchi
638 1351 804 1389 fontibus
834 1352 873 1388 in
904 1351 977 1388 vita
1006 1351 1169 1388 Periclis.

204 1421 250 1458 In
296 1420 406 1458 rebus
450 1420 564 1470 gestis
596 1420 786 1457 narrandis
826 1420 1017 1470 praecipue
1059 1420 1247 1470 Ephorum
1275 1424 1424 1458 secutus
1455 1425 1511 1458 est

149 1490 314 1529 adhibito
343 1490 453 1528 simul
485 1489 711 1539 Thucydide,
743 1489 789 1527 In
818 1502 961 1540 quaque
994 1503 1080 1527 vero
1109 1493 1212 1539 parte
1245 1503 1336 1540 quos
1357 1493 1507 1528 secutus

151 1559 199 1597 sit
232 1564 417 1606 auctores,
452 1563 621 1597 accurate
653 1558 816 1597 indicare
850 1559 1057 1608 nequimus.
1113 1559 1173 1597 Ad
1202 1559 1405 1597 ornandam
1427 1572 1508 1597 nar-

151 1629 328 1667 rationem
371 1632 408 1666 et
441 1628 704 1666 illustrandum
736 1628 805 1665 viri
834 1628 1041 1666 charactera
1072 1642 1159 1666 usus
1194 1633 1250 1666 est
1284 1629 1507 1666 comicorum

151 1697 277 1744 dictis,
298 1697 599 1747 philosophorum
620 1697 838 1743 sententiis,
864 1696 1018 1735 aliorum
1040 1697 1344 1748 descriptionibus
1364 1701 1401 1734 et
1422 1710 1505 1734 nar-

149 1766 374 1805 ratiunculis.
432 1764 506 1811 Qui
541 1769 644 1804 totus
682 1770 879 1816 apparatus
919 1780 1052 1804 ornans
1096 1766 1271 1817 prudenti
1311 1766 1416 1804 oculo
1449 1766 1504 1803 in-

148 1834 358 1884 spiciendus
405 1838 473 1872 est.
531 1833 754 1871 Plutarchus
798 1834 897 1872 enim
941 1834 986 1872 de
1030 1835 1243 1884 Thucydide
1281 1840 1318 1872 et
1359 1835 1505 1884 Ephoro

148 1902 345 1952 prudenter
378 1916 451 1941 non
491 1902 670 1940 iudicavit
680 1919 690 1949 ;
735 1917 840 1953 quem
871 1903 994 1941 locum
1028 1904 1186 1942 Athenis
1214 1908 1342 1954 poetae
1376 1903 1505 1942 comici

187 2014 284 2044 Durch
315 2015 390 2044 ihres
422 2023 539 2053 grossen
572 2014 704 2043 Meisters
736 2015 901 2043 Aristoteles
936 2015 1057 2053 Beispiel
1092 2021 1244 2053 angeregt‚
1282 2016 1410 2044 wandten
1433 2016 1508 2045 seine

146 2071 255 2106 Jiinger
288 2071 369 2099 ihren
400 2071 487 2099 Fleiss
520 2071 625 2099 sowohl
657 2071 708 2098 nus
726 2071 934 2107 antiquarische
956 2072 1012 2099 und
1035 2072 1305 2100 liternrhistorische
1326 2072 1444 2101 Studien
1468 2074 1506 2100 im

146 2125 353 2162 Aligemeineu,
377 2127 418 2155 als
439 2127 475 2154 im
502 2126 663 2155 Besondern
687 2127 737 2155 auf
755 2126 799 2155 die
823 2126 978 2163 Biografie,
1002 2127 1043 2155 als
1065 2127 1151 2156 deren
1176 2127 1343 2164 Begri'mder
1366 2127 1504 2155 Aristote-

144 2180 181 2209 les
213 2192 248 2211 zu
277 2182 440 2212 betrachten
475 2183 522 2212 ist.
567 2182 644 2211 Wird
667 2183 810 2213 natiirlich
830 2183 911 2220 jeder
932 2185 1026 2213 seiner
1048 2184 1192 2213 einzelnen
1217 2184 1337 2214 Schiiler
1359 2184 1434 2212 seine
1455 2184 1502 2212 be-

140 2236 261 2265 sondern
279 2238 405 2272 Vorziige
427 2238 483 2266 und
508 2238 621 2273 Mangel
644 2239 750 2275 gehabt
771 2239 877 2272 haben,
903 2248 934 2267 so
957 2240 1066 2268 scheint
1087 2239 1157 2267 doch
1180 2239 1229 2267 der
1252 2239 1503 2267 Grundcharakter

140 2291 208 2320 aller
229 2293 273 2321 ein
296 2293 499 2329 gemeinsamer
522 2303 645 2331 gewesen
669 2304 701 2323 zu
724 2295 791 2323 sein.
837 2296 886 2324 Ais
909 2295 1016 2324 solcher
1041 2295 1108 2323 lasst
1130 2295 1187 2324 sich
1213 2302 1262 2322 vor
1285 2294 1367 2323 allem
1390 2301 1501 2331 grosser

143 2349 228 2377 Fleiss
249 2349 278 2377 in
303 2351 474 2386 Auhiiusung
495 2351 542 2378 des
565 2351 649 2379 Stoffs
671 2352 713 2379 bis
736 2352 786 2379 aus
803 2352 847 2379 die
868 2351 1006 2379 kleinsten
1031 2351 1220 2378 Einzelkeiteu
1245 2351 1425 2383 bezeichnen,
1451 2352 1502 2378 mit

144 2402 309 2432 besonderer
334 2405 463 2433 Vorliebe
492 2405 536 2433 fiir
568 2405 699 2433 seltsame
732 2405 787 2433 und
820 2405 999 2438 auffallende,
1034 2405 1171 2434 mitunter
1203 2414 1273 2442 ganz
1306 2405 1502 2442 unglaubliche

143 2458 248 2497 Dinge,
270 2470 301 2488 so
322 2460 385 2489 dass
408 2471 471 2489 man
495 2470 548 2489 von
571 2461 647 2489 ihrer
670 2461 765 2489 Kritik
789 2461 869 2490 keine
893 2461 1043 2489 besonders
1058 2462 1129 2490 hohe
1147 2462 1283 2497 Meinung
1299 2462 1389 2498 hegen
1406 2461 1497 2496 kann;

141 2514 235 2543 ferner
259 2516 475 2553 Abschweisung
498 2525 551 2544 von
574 2516 623 2544 der
646 2516 833 2553 eigentlichen
859 2517 1000 2553 Ausgabe,
1024 2517 1173 2544 besonders
1196 2517 1262 2544 aber
1286 2517 1498 2546 Beriickrichli-

137 2579 214 2608 gung
235 2571 283 2600 des
307 2572 502 2602 Privatlebens
524 2572 747 2602 einflussreieher
772 2573 893 2602 Miinner
912 2573 962 2602 der
979 2573 1107 2609 Vorzeit,
1123 2574 1172 2602 das
1188 2572 1232 2602 bei
1249 2572 1364 2602 friihern
1382 2572 1500 2600 Schrift-

138 2628 253 2656 stenem
275 2638 363 2665 gegcn
388 2630 449 2657 ihre
472 2630 618 2666 politische
641 2630 833 2659 wirksamheit
863 2631 940 2659 nicht
964 2633 991 2658 in
1017 2631 1150 2658 betracht
1173 2630 1246 2658 kam.
1273 2629 1388 2657 Hierbei
1405 2628 1499 2664 zeigen

141 2681 232 2719 einige
253 2684 298 2712 ein
321 2684 434 2712 streben
457 2685 528 2713 nach
552 2684 780 2721 Verdiiehtigung
796 2684 852 2712 und
866 2685 928 2713 eine
944 2684 1191 2717 Partheilichkeit‚
1206 2683 1261 2717 die,
1285 2684 1335 2711 wie
1349 2683 1480 2712 erw'ahut
1492 2706 1500 2718 ‚

143 2735 187 2765 bei
209 2738 415 2777 Beurtheilung
437 2739 513 2768 ihrer
535 2740 726 2769 Nachrichten
749 2740 811 2769 eine
833 2742 947 2777 strenge
970 2739 1065 2769 Kritik
1089 2739 1269 2777 nolhwendig
1294 2739 1398 2768 macht.
