1772 3188
785 240 834 278 35

127 357 194 392 aut
219 352 322 391 locus
365 352 557 391 Plutarchi
587 352 803 391 emendetur
831 357 896 390 aut
924 353 1138 403 scriptorem
1167 353 1205 391 in
1235 367 1354 391 errore
1383 354 1493 392 fuisse

129 422 308 460 dicamus.

183 489 447 540 Aristophanes
470 489 515 527 de
543 503 629 528 sene
658 490 872 541 Thucydide
900 492 1082 541 loquitur,
1105 492 1150 530 cf.
1174 492 1283 542 Vesp.
1307 493 1407 535 947,
1431 492 1493 540 qui

130 560 203 598 iam
240 559 339 598 omni
367 559 495 598 robore
525 559 665 611 egebat.
723 559 762 598 Si
790 560 851 599 hic
879 560 1051 599 Melesiae
1079 561 1181 600 filius
1209 566 1281 608 est,
1313 565 1422 612 poeta
1451 560 1495 598 de

132 629 211 666 eius
240 629 352 666 exilio
381 629 482 678 loqui
511 642 585 666 non
615 633 737 678 potest
767 629 803 666 h.
831 629 874 675 1.,
894 642 1007 678 quum
1028 629 1164 666 Pericli
1185 633 1370 667 certamen
1392 641 1494 674 acre,

131 696 242 736 dubia
269 696 444 744 victoria,
475 711 549 736 non
578 697 691 736 fuerit
719 712 801 736 cum
831 711 918 754 sene
947 699 1205 738 intermortuo.

182 766 229 804 In
257 766 376 804 verbis
397 766 494 815 (Per.
525 780 554 804 c.
587 768 667 816 16),
696 772 767 816 τὴν
798 768 1044 807 Θουκυὸἱδυο
1075 769 1291 807 κατάλυσιν
1322 771 1391 806 καὶ
1423 769 1492 805 τὸν

127 838 385 887 ὀστρακισμὸν
415 834 479 872 illa
508 836 721 881 κατάλυσις
751 839 789 873 et
813 835 1051 873 ostracismus
1080 849 1152 874 nou
1183 834 1373 873 referenda
1404 840 1493 873 sunt

128 904 173 941 ad
204 903 345 940 diversa
373 903 488 949 facta,
521 908 564 940 ut
594 903 712 941 voluit
742 903 934 953 Bergkius.

183 973 235 1010 At
272 971 361 1022 quid
394 971 610 1023 >significant
655 971 719 1010 illa
757 971 893 1010 verba?
928 971 1127 1022 Postquam
1160 972 1232 1010 iam
1260 971 1354 1010 facta
1382 976 1438 1009 est
1465 978 1489 1022 η’

130 1041 358 1086 κατάλυσις,
402 1041 505 1091 sequi
543 1053 617 1078 non
646 1044 772 1090 potest
801 1045 822 1080 ό
850 1043 1125 1091 ὀστράκισμος;
1157 1039 1230 1077 dici
1259 1053 1331 1081 nun
1366 1044 1489 1089 potest

133 1109 274 1157 nfracta
300 1109 525 1161 Thucydidis
553 1110 720 1160 potentia
747 1109 899 1160 ipsoque
927 1108 1075 1160 pulso.''
1101 1123 1184 1147 nam
1213 1123 1255 1147 eo
1283 1109 1361 1159 ipso
1389 1109 1488 1159 quod

129 1179 261 1229 pulsus
289 1183 364 1225 est,
397 1179 474 1217 eius
504 1179 669 1229 potentia
698 1179 845 1217 cecidit.

182 1246 243 1284 Sic
272 1246 346 1284 fere
375 1246 570 1298 disputans
591 1247 735 1299 Sauppe
760 1248 970 1298 suspicatur
990 1247 1024 1286 h.
1045 1247 1069 1286 l.
1091 1247 1150 1297 agi
1173 1246 1217 1285 de
1247 1246 1342 1284 bello
1369 1246 1489 1284 Samio

126 1320 164 1354 et
202 1316 473 1354 emendandum
519 1330 598 1354 esse
638 1317 703 1354 tali
746 1317 820 1355 fere
863 1316 992 1354 modo:
1032 1320 1128 1367 μετὰ
1173 1322 1238 1355 τοῦ
1276 1321 1485 1365 Σαμιακοῦ

126 1385 298 1436 πολέμου,
337 1386 553 1426 κατάλυσιν
593 1390 658 1426 καὶ
693 1390 760 1427 τόν
792 1387 1039 1427 Θουκυδίδου
1077 1388 1357 1437 όστράκισμου,
1389 1388 1425 1422 et
1455 1401 1486 1423 ιε

130 1457 228 1493 ἐτῶν
268 1454 444 1491 mutanda
477 1466 554 1491 esse
593 1454 632 1492 in
668 1459 681 1493 ἰ
710 1459 831 1501 ἐτῶν,
861 1455 912 1492 ita
947 1461 987 1492 ut
1015 1454 1174 1492 Pericles
1216 1454 1316 1491 solus
1347 1457 1490 1503 regeret

130 1521 315 1559 civitatem
345 1536 418 1561 non
449 1522 681 1572 quindecim,
711 1521 774 1561 sed
802 1522 924 1560 decem
954 1536 1080 1561 annos.

183 1590 284 1628 Haec
309 1591 495 1629 conclusio
524 1604 607 1629 vera
633 1605 711 1629 esse
735 1596 873 1643 potest.
919 1591 1096 1629 Universe
1119 1590 1489 1628 animadvertendum

129 1663 184 1696 est
227 1659 500 1709 chronologiam
530 1660 706 1698 historiae
733 1673 882 1709 graecae
911 1659 1075 1697 nondum
1105 1664 1178 1697 tam
1208 1659 1327 1696 firmis
1359 1658 1489 1696 funda-

129 1728 260 1765 mentis
294 1728 364 1766 niti
393 1734 436 1766 ut
467 1729 624 1779 singulis
655 1729 762 1767 factis
787 1742 902 1767 annos
922 1729 1090 1779 singulos
1112 1728 1273 1766 indicare
1294 1729 1486 1778 possimus.

181 1795 283 1832 Haec
324 1797 490 1846 quaestio
525 1797 694 1834 cohaeret
721 1810 804 1834 cum
829 1801 930 1835 recta
959 1797 1234 1847 computatione
1258 1800 1487 1847 temporum,

126 1864 266 1915 quain
300 1879 338 1903 re
367 1865 604 1904 Plutarchum
635 1879 709 1904 non
738 1865 826 1904 satis
855 1871 1066 1904 accuratum
1096 1866 1211 1904 fuisse
1244 1865 1425 1903 dolemus.

179 1932 373 1971 Ribbeckii
399 1934 600 1984 disputatio
631 1933 722 1972 mihi
751 1947 823 1972 non
853 1934 899 1972 ab
928 1934 1028 1972 omni
1058 1939 1160 1984 parte
1187 1933 1381 1984 persuasit.
1423 1933 1489 1971 Di·

126 2005 220 2040 serte
246 2002 437 2041 contendit
466 2003 529 2041 ille
551 2004 712 2054 spatium
733 2004 896 2054 quinque
918 2018 1097 2042 annorum
1118 2003 1263 2042 brevius
1283 2017 1361 2041 esse
1379 2016 1487 2052 quam

126 2082 197 2119 quo
235 2070 464 2122 Thucydides
498 2072 619 2122 copias
659 2085 803 2122 parare,
834 2072 1020 2112 machinas
1049 2072 1209 2124 dirigere
1240 2076 1278 2110 et
1305 2085 1388 2109 cum
1418 2071 1488 2109 Pe-

124 2138 211 2178 ricle
242 2139 423 2179 decertare
452 2146 584 2191 posset.
617 2141 661 2179 Ei
690 2156 764 2181 non
792 2143 995 2189 assentior-3
1033 2143 1198 2194 quinque
1231 2142 1335 2180 annis
1371 2141 1489 2180 multa

124 2208 232 2246 fiunt.
261 2209 340 2246 Iam
370 2209 524 2247 Cimone
554 2211 701 2248 vivente
730 2211 962 2261 Thucydides
991 2212 1045 2249 vir
1073 2217 1151 2249 erat
1181 2223 1335 2261 magnae
1356 2214 1484 2247 aucto—

125 2276 267 2324 ritatis;
298 2277 469 2316 factionis
505 2278 684 2318 elementa
707 2279 861 2318 aderant
889 2280 922 2318 ei
953 2280 1060 2319 modo
1084 2279 1307 2331 colligenda,
1326 2278 1486 2329 iniitque

127 2359 288 2396 pugnam
317 2348 390 2386 iam
420 2349 558 2386 dudum
592 2353 769 2399 paratam.

180 2415 347 2466 Spatium
369 2417 518 2467 quidem
541 2417 666 2455 decem
695 2431 872 2456 annorum
902 2430 976 2468 quo
1001 2417 1100 2454 inter
1120 2416 1214 2454 duos
1233 2415 1415 2466 principes
1435 2414 1487 2453 ci-

127 2484 251 2523 vit-atis
270 2486 368 2524 varia
395 2486 544 2524 victoria
564 2491 786 2533 certaretur,
809 2487 929 2525 multo
949 2487 1096 2536 longius
1116 2487 1206 2525 mihi
1231 2500 1309 2524 esse
1330 2486 1485 2523 videtur.

127 2551 230 2591 Duae
268 2554 471 2602 factiones,
506 2567 600 2605 quae
632 2558 737 2593 erant
773 2554 812 2594 in
844 2568 916 2593 una
951 2555 1059 2602 urbe,
1089 2554 1127 2593 id
1156 2567 1298 2605 semper
1334 2558 1486 2607 agentes

127 2625 169 2659 ut
205 2623 351 2674 publice
383 2625 477 2663 nihil
516 2626 589 2664 fere
624 2626 752 2664 confici
782 2630 923 2676 posset,
957 2639 999 2663 eo
1034 2629 1196 2675 tempore
1229 2638 1303 2662 non
1345 2624 1486 2662 tamdiu

127 2696 264 2731 certare
295 2699 505 2744 potuerunt.
