1772 3188
380 236 389 252 ἑ

856 253 880 291 9

191 368 270 407 luce
312 365 506 404 illustratis
546 365 701 404 exsistat
741 364 895 416 aliquis,
940 365 1004 416 qui
1037 366 1152 405 vitam
1179 366 1332 407 Periclis
1366 369 1551 409 describat

190 435 362 475 omnibus
391 434 557 473 numeris
586 434 801 473 absolutam.

245 507 296 543 At
322 503 411 554 quid
440 502 562 542 effecit
591 503 838 541 Plutarchus?
885 531 891 535 ,

244 572 464 611 Plutarchus
493 585 638 621 operam
669 571 771 609 dedit
800 577 843 610 ut
872 572 1048 611 Periclem
1080 573 1172 611 bene
1202 579 1439 624 cognosceret
1449 592 1460 621 ς
1486 575 1547 613 sed

189 645 293 680 erant
321 643 413 690 quae
441 640 661 690 impedirent
690 641 886 691 quominus
916 641 992 679 voti
1016 655 1162 692 compos
1186 643 1300 681 fieret.
1342 642 1546 682 Historiam

189 715 392 754 externam,
423 722 530 758 quam
559 695 701 758 praeter
730 708 820 746 alios
848 709 1080 760 Thucydides
1109 709 1253 759 egregie
1284 710 1545 760 descripserat,

188 780 321 818 iterum
346 776 504 816 scribere
543 777 682 823 noluit,
720 790 833 827 quum
867 777 1037 828 ineptum
1066 790 1143 815 esse
1172 782 1319 827 putaret
1347 792 1451 826 eum,
1482 779 1546 829 qui

188 860 269 885 cum
299 845 435 884 talibus
465 845 553 883 viris
582 850 738 884 certaret
768 846 866 895 (Nic.
896 846 952 896 I),
986 845 1048 884 sed
1068 845 1219 884 fortasse
1248 846 1317 884 hoc
1345 847 1465 897 ipsum
1493 847 1545 885 cf-

187 916 274 955 fccit
311 920 353 954 ut
390 915 499 953 nimis
540 914 744 966 negligeret
786 914 918 953 iustam
957 918 1162 965 temporum
1207 915 1543 965 computationem,

187 989 224 1023 et
252 984 466 1034 Thucydide
503 984 638 1022 omisso
671 984 761 1022 alios
800 988 1012 1034 sequeretur
1051 983 1264 1033 scriptores,
1296 983 1436 1021 minore
1473 984 1545 1021 fide

188 1052 340 1103 dignos,
377 1052 415 1090 in
456 1051 564 1090 rebus
606 1065 695 1102 quas
732 1057 856 1090 tamen
895 1052 959 1090 ille
997 1056 1216 1090 tractaverat
1248 1052 1321 1099 ita,
1364 1057 1407 1090 ut
1435 1066 1543 1090 nemo

188 1134 347 1171 unquam
376 1134 459 1158 eum
489 1121 695 1159 correxerit.
753 1120 823 1158 Sed
853 1121 921 1158 hac
949 1120 993 1157 de
1022 1133 1060 1157 re
1088 1134 1174 1157 mox
1201 1120 1421 1158 accuratius.

240 1188 411 1227 Ceterum
441 1189 663 1227 Plutarchus
690 1189 729 1227 in
759 1188 910 1227 Periclis
939 1201 1056 1226 mores
1084 1192 1120 1226 et
1143 1188 1305 1226 indolem
1326 1187 1542 1238 inquisivit3

186 1271 271 1295 nam
311 1257 551 1295 describendo
589 1257 704 1295 bonos
743 1263 781 1295 et
819 1270 970 1306 magnos
1009 1258 1105 1295 viros
1133 1257 1178 1294 ad
1208 1257 1353 1295 virtutis
1380 1257 1543 1295 studium

184 1325 277 1363 alios
307 1325 472 1380 incitare
491 1325 562 1375 ipsi
592 1325 817 1377 propositum
847 1330 926 1363 erat
955 1330 992 1364 et
1020 1330 1206 1376 penetrare
1235 1326 1351 1364 voluit
1378 1326 1416 1364 in
1447 1326 1543 1364 viro·

186 1408 267 1432 rum
296 1394 452 1432 animos.
485 1394 581 1444 (Per.
610 1396 645 1433 2.
673 1395 778 1432 Alex.
802 1395 822 1432 I
850 1394 935 1433 Nic.
968 1395 988 1432 I
1015 1394 1110 1432 Cim.
1142 1396 1194 1445 2.)
1224 1394 1271 1432 Ei
1287 1394 1402 1444 igitur
1421 1407 1541 1432 rerum

184 1466 367 1511 gestarum
413 1462 566 1500 historia
605 1476 678 1501 non
723 1463 879 1502 suffecit.
947 1463 1055 1501 Dicta
1096 1468 1134 1501 et
1179 1464 1274 1502 facta
1312 1477 1404 1514 quae
1441 1464 1542 1514 parvi

183 1531 360 1569 momenti
400 1545 479 1569 esse
509 1531 722 1578 videantur,
763 1532 949 1570 interdum
990 1533 1126 1570 certius
1155 1533 1345 1570 hominum
1374 1537 1541 1570 naturam

183 1599 346 1637 indicare
376 1612 484 1650 quam
514 1599 763 1637 illustrissima
790 1600 887 1638 facta
916 1601 1012 1638 dixit
1041 1601 1119 1651 ipse
1151 1600 1270 1649 (Alex.
1301 1600 1347 1650 I).

238 1668 343 1706 Adiit
387 1682 474 1719 ergo
518 1669 715 1719 scriptores
754 1670 965 1720 quicunque
1002 1670 1190 1721 quidpiam
1220 1670 1264 1707 de
1289 1669 1366 1707 vita
1395 1669 1543 1719 privata

184 1736 336 1774 Periclis
365 1737 756 1785 communicavissent,
786 1751 858 1788 quo
887 1738 1023 1776 factum
1051 1741 1108 1775 est
1136 1742 1178 1775 ut
1205 1736 1351 1787 saepius
1381 1735 1542 1774 hauriret

182 1819 202 1843 e
229 1806 393 1845 fontibus
420 1807 597 1857 impuris,
629 1821 703 1846 non
732 1807 898 1845 adhibita
925 1806 1165 1857 inquisitione
1194 1805 1320 1844 critica
1348 1805 1438 1843 satis
1457 1818 1542 1855 pru-

182 1873 303 1913 dente.
362 1874 467 1913 Licet
495 1875 542 1913 ab
570 1876 651 1926 ipso
680 1875 840 1914 alienum
871 1880 967 1913 esset
994 1879 1089 1926 πρὸς
1119 1879 1161 1915 τὸ
1191 1880 1318 1928 χεῖρον
1349 1876 1540 1922 εῖκάζειν,

182 1943 327 1993 saepius
355 1948 479 1983 tamen
507 1949 655 1983 secutus
683 1950 739 1983 est
774 1945 970 1995 scriptores
1001 1952 1228 1996 κακοηθεῒς.
1285 1944 1377 1982 Tum
1408 1957 1542 1994 magno

181 2013 356 2061 temporis
385 2013 503 2063 spatio
532 2013 632 2063 quod
660 2013 760 2051 inter
788 2026 870 2051 eum
902 2018 941 2051 et
969 2013 1147 2051 Periclem
1177 2013 1341 2063 elapsum
1370 2016 1443 2055 est,
1475 2012 1542 2049 im-

180 2080 395 2130 pediebatur
422 2082 620 2131 quominus
648 2082 750 2121 illius
778 2087 936 2121 aetatem
961 2082 1071 2133 probe
1093 2086 1342 2132 cognosceret.
1375 2081 1541 2131 Denique

180 2148 370 2186 Plutarchi
401 2150 559 2187 Pericles
590 2163 662 2187 non
691 2154 751 2188 est
781 2154 883 2187 totus
913 2151 1044 2196 hom03
1074 2150 1152 2200 ipse
1182 2150 1341 2199 scriptor
1368 2162 1450 2186 vera
1469 2149 1541 2186 oris

177 2215 401 2256 lineamenta
429 2223 514 2257 ante
543 2219 668 2257 oculos
699 2232 773 2257 non
804 2218 934 2257 habuit
962 2219 1157 2269 pinxitque
1185 2218 1386 2269 imaginem
1405 2217 1540 2268 imper-

176 2283 321 2324 sectam.

397 2467 446 2492 DE
475 2467 659 2493 FONTIBUS
688 2467 903 2493 PLUTAROHI
934 2468 979 2493 ΙΝ
1007 2468 1096 2493 VITA
1132 2466 1319 2493 PnnchIS.

230 2551 316 2590 Iure
352 2553 647 2592 animadversum
686 2558 742 2592 est
765 2554 818 2605 l),
856 2553 1046 2592 Plutarchi
1087 2553 1268 2592 iudicium
1312 2553 1358 2590 de
1396 2553 1540 2592 Pericle

220 2665 246 2700 l)
273 2666 333 2696 vid.
358 2668 394 2696 H.
413 2668 540 2706 Sauppe:
565 2668 617 2696 Die
637 2667 756 2706 Quellen
782 2668 931 2696 Plutarchs
953 2667 991 2696 im
1007 2666 1098 2696 Leben
1124 2666 1173 2695 des
1194 2667 1329 2696 Perikles.
1350 2668 1430 2697 Gott.
1447 2668 1538 2697 Dietr.

178 2718 265 2751 1867.
289 2731 315 2758 p.
340 2723 361 2751 Ι.
384 2732 426 2760 sq.
