<?xml version="1.0" encoding="UTF-8"?>
<!DOCTYPE html PUBLIC "-//W3C//DTD XHTML 1.0 Transitional//EN"
    "http://www.w3.org/TR/xhtml1/DTD/xhtml1-transitional.dtd">
<html xmlns="http://www.w3.org/1999/xhtml" xml:lang="en" lang="en">
 <head>
  <title>
</title>
<meta http-equiv="Content-Type" content="text/html;charset=utf-8" />
  <meta name='ocr-system' content='tesseract 3.04.00' />
  <meta name='ocr-capabilities' content='ocr_page ocr_carea ocr_par ocr_line ocrx_word'/>
</head>
<body>
  <div class='ocr_page' id='page_1' title='image "4737338_0027.png"; bbox 0 0 1772 3188; ppageno 0'>
   <div class='ocr_carea' id='block_1_1' title="bbox 792 251 837 291">
    <p class='ocr_par' dir='ltr' id='par_1_1' title="bbox 792 251 837 291">
     <span class='ocr_line' id='line_1_1' title="bbox 792 251 837 291; baseline -0.022 0"><span class='ocrx_word' id='word_1_1' title='bbox 792 251 837 291; x_wconf 86' lang='lat'><strong>19</strong></span> 
     </span>
    </p>
   </div>
   <div class='ocr_carea' id='block_1_2' title="bbox 122 365 1494 2002">
    <p class='ocr_par' dir='ltr' id='par_1_2' title="bbox 122 365 1492 764">
     <span class='ocr_line' id='line_1_2' title="bbox 122 365 1486 418; baseline -0.001 -12"><span class='ocrx_word' id='word_1_2' title='bbox 122 382 204 409; x_wconf 89' lang='lat' dir='ltr'><strong>men</strong></span> <span class='ocrx_word' id='word_1_3' title='bbox 244 372 333 405; x_wconf 84' lang='lat' dir='ltr'><strong>erat.</strong></span> <span class='ocrx_word' id='word_1_4' title='bbox 392 365 606 417; x_wconf 88' lang='lat' dir='ltr'><strong>Significare</strong></span> <span class='ocrx_word' id='word_1_5' title='bbox 652 365 824 404; x_wconf 85' lang='lat' dir='ltr'><strong>videntur</strong></span> <span class='ocrx_word' id='word_1_6' title='bbox 854 370 1035 417; x_wconf 80' lang='lat' dir='ltr'><strong>postrema</strong></span> <span class='ocrx_word' id='word_1_7' title='bbox 1066 365 1198 413; x_wconf 86' lang='lat' dir='ltr'><strong>verba,</strong></span> <span class='ocrx_word' id='word_1_8' title='bbox 1229 379 1312 404; x_wconf 89' lang='lat' dir='ltr'><strong>eum</strong></span> <span class='ocrx_word' id='word_1_9' title='bbox 1344 371 1486 418; x_wconf 68' lang='grc' dir='ltr'><strong><em>νοθείᾳ</em></strong></span> 
     </span>
     <span class='ocr_line' id='line_1_3' title="bbox 125 436 1490 489; baseline -0.004 -11"><span class='ocrx_word' id='word_1_10' title='bbox 125 438 295 489; x_wconf 87' lang='lat' dir='ltr'><strong>impediri</strong></span> <span class='ocrx_word' id='word_1_11' title='bbox 326 437 526 487; x_wconf 86' lang='lat' dir='ltr'>quominus</span> <span class='ocrx_word' id='word_1_12' title='bbox 556 450 594 473; x_wconf 88' lang='lat' dir='ltr'><strong>se</strong></span> <span class='ocrx_word' id='word_1_13' title='bbox 624 436 741 474; x_wconf 91' lang='lat' dir='ltr'><strong>virum</strong></span> <span class='ocrx_word' id='word_1_14' title='bbox 777 441 994 486; x_wconf 79' lang='lat' dir='ltr'><strong>praestaret.</strong></span> <span class='ocrx_word' id='word_1_15' title='bbox 1035 438 1068 474; x_wconf 86' lang='lat' dir='ltr'>A</span> <span class='ocrx_word' id='word_1_16' title='bbox 1097 436 1237 474; x_wconf 91' lang='lat' dir='ltr'><strong>civibus</strong></span> <span class='ocrx_word' id='word_1_17' title='bbox 1267 436 1327 474; x_wconf 87' lang='lat' dir='ltr'><strong>hic</strong></span> <span class='ocrx_word' id='word_1_18' title='bbox 1355 436 1490 485; x_wconf 85' lang='lat' dir='ltr'><strong>capitis</strong></span> 
     </span>
     <span class='ocr_line' id='line_1_4' title="bbox 125 504 1492 555; baseline -0.002 -10"><span class='ocrx_word' id='word_1_19' title='bbox 125 508 320 546; x_wconf 82' lang='lat' dir='ltr'><strong>damnatus</strong></span> <span class='ocrx_word' id='word_1_20' title='bbox 346 509 404 543; x_wconf 89' lang='lat' dir='ltr'><strong>est</strong></span> <span class='ocrx_word' id='word_1_21' title='bbox 433 510 518 555; x_wconf 91' lang='lat' dir='ltr'><strong>post</strong></span> <span class='ocrx_word' id='word_1_22' title='bbox 546 518 706 555; x_wconf 87' lang='lat' dir='ltr'><strong>pugnam</strong></span> <span class='ocrx_word' id='word_1_23' title='bbox 735 505 901 542; x_wconf 89' lang='lat' dir='ltr'><strong>navalem</strong></span> <span class='ocrx_word' id='word_1_24' title='bbox 930 504 977 542; x_wconf 89' lang='lat' dir='ltr'><strong>ad</strong></span> <span class='ocrx_word' id='word_1_25' title='bbox 1001 505 1225 554; x_wconf 86' lang='lat' dir='ltr'><strong>Arginusas,</strong></span> <span class='ocrx_word' id='word_1_26' title='bbox 1269 505 1328 543; x_wconf 92' lang='lat' dir='ltr'><strong>cui</strong></span> <span class='ocrx_word' id='word_1_27' title='bbox 1357 510 1492 543; x_wconf 89' lang='lat' dir='ltr'><strong>strate-</strong></span> 
     </span>
     <span class='ocr_line' id='line_1_5' title="bbox 128 573 1490 626; baseline -0.001 -13"><span class='ocrx_word' id='word_1_28' title='bbox 128 589 197 626; x_wconf 87' lang='lat' dir='ltr'><strong>gus</strong></span> <span class='ocrx_word' id='word_1_29' title='bbox 229 573 457 612; x_wconf 78' lang='lat' dir='ltr'><strong>interfuerat.</strong></span> <span class='ocrx_word' id='word_1_30' title='bbox 514 573 610 611; x_wconf 86' lang='lat' dir='ltr'><strong>Eum</strong></span> <span class='ocrx_word' id='word_1_31' title='bbox 640 586 723 611; x_wconf 90' lang='lat' dir='ltr'><strong>cum</strong></span> <span class='ocrx_word' id='word_1_32' title='bbox 754 573 902 611; x_wconf 89' lang='lat' dir='ltr'><strong>Socrate</strong></span> <span class='ocrx_word' id='word_1_33' title='bbox 931 573 1172 612; x_wconf 82' lang='lat' dir='ltr'><strong>disserentem</strong></span> <span class='ocrx_word' id='word_1_34' title='bbox 1201 574 1347 612; x_wconf 84' lang='lat' dir='ltr'><strong>inducit</strong></span> <span class='ocrx_word' id='word_1_35' title='bbox 1368 574 1490 612; x_wconf 92' lang='lat' dir='ltr'><strong>Xeno—</strong></span> 
     </span>
     <span class='ocr_line' id='line_1_6' title="bbox 128 640 1492 694; baseline -0.002 -12"><span class='ocrx_word' id='word_1_36' title='bbox 128 644 227 694; x_wconf 89' lang='lat' dir='ltr'><strong>phon</strong></span> <span class='ocrx_word' id='word_1_37' title='bbox 252 642 365 680; x_wconf 91' lang='lat' dir='ltr'><strong>Mem.</strong></span> <span class='ocrx_word' id='word_1_38' title='bbox 386 640 469 680; x_wconf 92' lang='lat' dir='ltr'><strong>Lib.</strong></span> <span class='ocrx_word' id='word_1_39' title='bbox 487 640 561 680; x_wconf 92' lang='grc' dir='ltr'><strong>ΙΙΙ.</strong></span> <span class='ocrx_word' id='word_1_40' title='bbox 583 654 658 692; x_wconf 87' lang='lat' dir='ltr'><strong>cap.</strong></span> <span class='ocrx_word' id='word_1_41' title='bbox 678 645 713 680; x_wconf 87' lang='lat'><strong>5.</strong></span> <span class='ocrx_word' id='word_1_42' title='bbox 749 641 816 679; x_wconf 83' lang='lat' dir='ltr'><strong>Vir</strong></span> <span class='ocrx_word' id='word_1_43' title='bbox 838 641 950 680; x_wconf 85' lang='lat' dir='ltr'><strong>fuisse</strong></span> <span class='ocrx_word' id='word_1_44' title='bbox 978 642 1127 680; x_wconf 89' lang='lat' dir='ltr'><strong>videtur</strong></span> <span class='ocrx_word' id='word_1_45' title='bbox 1147 641 1275 681; x_wconf 89' lang='lat' dir='ltr'><strong>multis</strong></span> <span class='ocrx_word' id='word_1_46' title='bbox 1292 641 1492 680; x_wconf 88' lang='lat' dir='ltr'><strong>virtutibus</strong></span> 
     </span>
     <span class='ocr_line' id='line_1_7' title="bbox 126 709 1427 764; baseline 0.002 -13"><span class='ocrx_word' id='word_1_47' title='bbox 126 716 299 751; x_wconf 83' lang='lat' dir='ltr'><strong>ornatus:</strong></span> <span class='ocrx_word' id='word_1_48' title='bbox 333 710 377 750; x_wconf 86' lang='lat' dir='ltr'><strong>cf.</strong></span> <span class='ocrx_word' id='word_1_49' title='bbox 407 724 485 762; x_wconf 81' lang='lat' dir='ltr'><strong>cap.</strong></span> <span class='ocrx_word' id='word_1_50' title='bbox 517 709 708 749; x_wconf 84' lang='lat' dir='ltr'><strong>XXXVII</strong></span> <span class='ocrx_word' id='word_1_51' title='bbox 737 715 930 761; x_wconf 79' lang='grc' dir='ltr'><strong><em>εἶςάγεται</em></strong></span> <span class='ocrx_word' id='word_1_52' title='bbox 961 715 1014 757; x_wconf 80' lang='grc' dir='ltr'><strong><em>εἷς</em></strong></span> <span class='ocrx_word' id='word_1_53' title='bbox 1043 716 1132 758; x_wconf 74' lang='grc' dir='ltr'><strong><em>τούς</em></strong></span> <span class='ocrx_word' id='word_1_54' title='bbox 1161 719 1358 764; x_wconf 79' lang='grc' dir='ltr'><strong><em>φράτορας</em></strong></span> <span class='ocrx_word' id='word_1_55' title='bbox 1383 713 1427 762; x_wconf 88' lang='grc'><strong>1).</strong></span> 
     </span>
    </p>

    <p class='ocr_par' dir='ltr' id='par_1_3' title="bbox 180 779 1491 831">
     <span class='ocr_line' id='line_1_8' title="bbox 180 779 1491 831; baseline -0.002 -12"><span class='ocrx_word' id='word_1_56' title='bbox 180 781 270 831; x_wconf 85' lang='lat' dir='ltr'><strong>Cap.</strong></span> <span class='ocrx_word' id='word_1_57' title='bbox 299 780 446 818; x_wconf 90' lang='lat' dir='ltr'><strong>XXVI.</strong></span> <span class='ocrx_word' id='word_1_58' title='bbox 472 782 508 818; x_wconf 76' lang='lat'><strong>2.</strong></span> <span class='ocrx_word' id='word_1_59' title='bbox 553 779 679 817; x_wconf 89' lang='lat' dir='ltr'><strong>Unum</strong></span> <span class='ocrx_word' id='word_1_60' title='bbox 708 783 851 817; x_wconf 86' lang='lat' dir='ltr'><strong>versum</strong></span> <span class='ocrx_word' id='word_1_61' title='bbox 881 792 925 816; x_wconf 87' lang='lat' dir='ltr'><strong>ex</strong></span> <span class='ocrx_word' id='word_1_62' title='bbox 960 779 1246 831; x_wconf 79' lang='lat' dir='ltr'><strong>Aristophanis</strong></span> <span class='ocrx_word' id='word_1_63' title='bbox 1275 780 1491 831; x_wconf 80' lang='lat' dir='ltr'>Babyloniis</span> 
     </span>
    </p>

    <p class='ocr_par' dir='ltr' id='par_1_4' title="bbox 127 847 1162 896">
     <span class='ocr_line' id='line_1_9' title="bbox 127 847 1162 896; baseline -0.004 -7"><span class='ocrx_word' id='word_1_64' title='bbox 127 853 291 889; x_wconf 91' lang='lat' dir='ltr'><strong>sumtum</strong></span> <span class='ocrx_word' id='word_1_65' title='bbox 320 848 412 887; x_wconf 87' lang='lat' dir='ltr'><strong>citat</strong></span> <span class='ocrx_word' id='word_1_66' title='bbox 432 847 654 887; x_wconf 82' lang='lat' dir='ltr'><strong>Plutarchus</strong></span> <span class='ocrx_word' id='word_1_67' title='bbox 683 861 797 896; x_wconf 79' lang='lat' dir='ltr'><strong>agens</strong></span> <span class='ocrx_word' id='word_1_68' title='bbox 828 847 872 885; x_wconf 92' lang='lat' dir='ltr'><strong>de</strong></span> <span class='ocrx_word' id='word_1_69' title='bbox 901 847 996 885; x_wconf 89' lang='lat' dir='ltr'><strong>bello</strong></span> <span class='ocrx_word' id='word_1_70' title='bbox 1020 847 1162 886; x_wconf 88' lang='lat' dir='ltr'><strong>Samio:</strong></span> 
     </span>
    </p>

    <p class='ocr_par' dir='ltr' id='par_1_5' title="bbox 128 917 1492 1162">
     <span class='ocr_line' id='line_1_10' title="bbox 286 917 1236 967; baseline -0.001 -10"><span class='ocrx_word' id='word_1_71' title='bbox 286 919 454 967; x_wconf 84' lang='grc' dir='ltr'><strong><em>Σαμίων</em></strong></span> <span class='ocrx_word' id='word_1_72' title='bbox 484 921 506 957; x_wconf 87' lang='grc' dir='ltr'>ό</span> <span class='ocrx_word' id='word_1_73' title='bbox 535 919 651 967; x_wconf 80' lang='grc' dir='ltr'><strong><em>δῆμός</em></strong></span> <span class='ocrx_word' id='word_1_74' title='bbox 681 921 786 956; x_wconf 80' lang='grc' dir='ltr'><strong><em>ἐστιν</em></strong></span> <span class='ocrx_word' id='word_1_75' title='bbox 817 920 868 962; x_wconf 80' lang='grc' dir='ltr'><strong><em>ὡς</em></strong></span> <span class='ocrx_word' id='word_1_76' title='bbox 897 917 1236 966; x_wconf 72' lang='grc' dir='ltr'><strong><em>πολυγράμματος.</em></strong></span> 
     </span>
     <span class='ocr_line' id='line_1_11' title="bbox 128 984 1492 1038; baseline -0.001 -13"><span class='ocrx_word' id='word_1_77' title='bbox 128 987 192 1038; x_wconf 91' lang='lat' dir='ltr'><strong>qui</strong></span> <span class='ocrx_word' id='word_1_78' title='bbox 214 986 370 1025; x_wconf 87' lang='lat' dir='ltr'><strong>refertur</strong></span> <span class='ocrx_word' id='word_1_79' title='bbox 398 986 443 1024; x_wconf 86' lang='lat' dir='ltr'><strong>ad</strong></span> <span class='ocrx_word' id='word_1_80' title='bbox 477 986 674 1036; x_wconf 81' lang='lat' dir='ltr'><strong>stigmata,</strong></span> <span class='ocrx_word' id='word_1_81' title='bbox 700 998 792 1036; x_wconf 88' lang='lat' dir='ltr'><strong>quae</strong></span> <span class='ocrx_word' id='word_1_82' title='bbox 821 984 1071 1023; x_wconf 85' lang='lat' dir='ltr'><strong>Athenienses</strong></span> <span class='ocrx_word' id='word_1_83' title='bbox 1104 985 1239 1023; x_wconf 82' lang='lat' dir='ltr'><strong>Samiis</strong></span> <span class='ocrx_word' id='word_1_84' title='bbox 1268 986 1492 1025; x_wconf 87' lang='lat' dir='ltr'><strong>inusserant.</strong></span> 
     </span>
     <span class='ocr_line' id='line_1_12' title="bbox 128 1054 1488 1105; baseline -0.001 -12"><span class='ocrx_word' id='word_1_85' title='bbox 128 1055 293 1093; x_wconf 88' lang='lat' dir='ltr'><strong>Siuteuis</strong></span> <span class='ocrx_word' id='word_1_86' title='bbox 322 1055 531 1104; x_wconf 88' lang='lat' dir='ltr'><strong>suspicatur</strong></span> <span class='ocrx_word' id='word_1_87' title='bbox 560 1067 703 1092; x_wconf 90' lang='lat' dir='ltr'><strong>versum</strong></span> <span class='ocrx_word' id='word_1_88' title='bbox 733 1054 844 1091; x_wconf 88' lang='lat' dir='ltr'><strong>etiam</strong></span> <span class='ocrx_word' id='word_1_89' title='bbox 876 1059 1039 1103; x_wconf 89' lang='lat' dir='ltr'><strong>spectare</strong></span> <span class='ocrx_word' id='word_1_90' title='bbox 1064 1067 1107 1090; x_wconf 92' lang='lat' dir='ltr'><strong>eo</strong></span> <span class='ocrx_word' id='word_1_91' title='bbox 1127 1054 1225 1103; x_wconf 90' lang='lat' dir='ltr'><strong>quod</strong></span> <span class='ocrx_word' id='word_1_92' title='bbox 1246 1054 1359 1092; x_wconf 89' lang='lat' dir='ltr'><strong>Samii</strong></span> <span class='ocrx_word' id='word_1_93' title='bbox 1379 1056 1488 1105; x_wconf 90' lang='lat' dir='ltr'><strong>primi</strong></span> 
     </span>
     <span class='ocr_line' id='line_1_13' title="bbox 131 1123 554 1162; baseline -0.005 0"><span class='ocrx_word' id='word_1_94' title='bbox 131 1124 186 1162; x_wconf 85' lang='lat' dir='ltr'><strong>usi</strong></span> <span class='ocrx_word' id='word_1_95' title='bbox 214 1123 289 1161; x_wconf 87' lang='lat' dir='ltr'><strong>sint</strong></span> <span class='ocrx_word' id='word_1_96' title='bbox 320 1125 372 1161; x_wconf 80' lang='lat'><strong>24</strong></span> <span class='ocrx_word' id='word_1_97' title='bbox 403 1123 554 1161; x_wconf 89' lang='lat' dir='ltr'><strong>litteris.</strong></span> 
     </span>
    </p>

    <p class='ocr_par' dir='ltr' id='par_1_6' title="bbox 127 1189 1494 1722">
     <span class='ocr_line' id='line_1_14' title="bbox 181 1189 1492 1242; baseline 0.002 -14"><span class='ocrx_word' id='word_1_98' title='bbox 181 1191 318 1229; x_wconf 86' lang='lat' dir='ltr'><strong>Versus</strong></span> <span class='ocrx_word' id='word_1_99' title='bbox 341 1204 418 1241; x_wconf 86' lang='lat' dir='ltr'><strong>cap.</strong></span> <span class='ocrx_word' id='word_1_100' title='bbox 441 1191 564 1229; x_wconf 90' lang='lat' dir='ltr'>XXX.</span> <span class='ocrx_word' id='word_1_101' title='bbox 595 1194 639 1236; x_wconf 75' lang='lat'><strong>2,</strong></span> <span class='ocrx_word' id='word_1_102' title='bbox 668 1191 776 1228; x_wconf 85' lang='lat' dir='ltr'><strong>citati</strong></span> <span class='ocrx_word' id='word_1_103' title='bbox 797 1203 843 1228; x_wconf 85' lang='lat' dir='ltr'><strong>ex</strong></span> <span class='ocrx_word' id='word_1_104' title='bbox 867 1189 1189 1236; x_wconf 86' lang='lat' dir='ltr'><strong>Acharnensibus,</strong></span> <span class='ocrx_word' id='word_1_105' title='bbox 1215 1192 1292 1228; x_wconf 86' lang='lat'><strong>504</strong></span> <span class='ocrx_word' id='word_1_106' title='bbox 1321 1205 1373 1242; x_wconf 86' lang='lat' dir='ltr'><strong>sq.</strong></span> <span class='ocrx_word' id='word_1_107' title='bbox 1398 1193 1492 1230; x_wconf 89' lang='lat' dir='ltr'><strong>cele-</strong></span> 
     </span>
     <span class='ocr_line' id='line_1_15' title="bbox 129 1259 1493 1304; baseline 0.001 -7"><span class='ocrx_word' id='word_1_108' title='bbox 129 1259 279 1297; x_wconf 89' lang='lat' dir='ltr'><strong>berrimi</strong></span> <span class='ocrx_word' id='word_1_109' title='bbox 309 1265 408 1298; x_wconf 84' lang='lat' dir='ltr'><strong>sunt.</strong></span> <span class='ocrx_word' id='word_1_110' title='bbox 439 1259 660 1297; x_wconf 82' lang='lat' dir='ltr'><strong>Plutarchus</strong></span> <span class='ocrx_word' id='word_1_111' title='bbox 693 1265 838 1304; x_wconf 86' lang='lat' dir='ltr'><strong>narrat,</strong></span> <span class='ocrx_word' id='word_1_112' title='bbox 859 1259 1033 1297; x_wconf 86' lang='lat' dir='ltr'><strong>Periclem</strong></span> <span class='ocrx_word' id='word_1_113' title='bbox 1059 1259 1130 1297; x_wconf 88' lang='lat' dir='ltr'><strong>dici</strong></span> <span class='ocrx_word' id='word_1_114' title='bbox 1150 1259 1235 1297; x_wconf 88' lang='lat' dir='ltr'><strong>odio</strong></span> <span class='ocrx_word' id='word_1_115' title='bbox 1260 1273 1324 1298; x_wconf 90' lang='lat' dir='ltr'><strong>suo</strong></span> <span class='ocrx_word' id='word_1_116' title='bbox 1351 1260 1392 1298; x_wconf 93' lang='lat' dir='ltr'><strong>in</strong></span> <span class='ocrx_word' id='word_1_117' title='bbox 1412 1261 1493 1298; x_wconf 90' lang='lat' dir='ltr'><strong>Me-</strong></span> 
     </span>
     <span class='ocr_line' id='line_1_16' title="bbox 127 1327 1491 1378; baseline 0.001 -12"><span class='ocrx_word' id='word_1_118' title='bbox 127 1341 300 1378; x_wconf 84' lang='lat' dir='ltr'><strong>garenses</strong></span> <span class='ocrx_word' id='word_1_119' title='bbox 319 1328 515 1367; x_wconf 85' lang='lat' dir='ltr'><strong>incitatum</strong></span> <span class='ocrx_word' id='word_1_120' title='bbox 537 1333 722 1366; x_wconf 86' lang='lat' dir='ltr'><strong>auctorem</strong></span> <span class='ocrx_word' id='word_1_121' title='bbox 743 1328 856 1366; x_wconf 88' lang='lat' dir='ltr'><strong>fuisse</strong></span> <span class='ocrx_word' id='word_1_122' title='bbox 877 1327 1064 1378; x_wconf 90' lang='lat' dir='ltr'><strong>plebisciti</strong></span> <span class='ocrx_word' id='word_1_123' title='bbox 1091 1328 1264 1366; x_wconf 88' lang='lat' dir='ltr'><strong>adversus</strong></span> <span class='ocrx_word' id='word_1_124' title='bbox 1289 1342 1350 1367; x_wconf 81' lang='lat' dir='ltr'><strong>eos</strong></span> <span class='ocrx_word' id='word_1_125' title='bbox 1377 1329 1491 1376; x_wconf 84' lang='lat' dir='ltr'><strong>editi,</strong></span> 
     </span>
     <span class='ocr_line' id='line_1_17' title="bbox 129 1397 1494 1449; baseline 0.001 -14"><span class='ocrx_word' id='word_1_126' title='bbox 129 1397 205 1435; x_wconf 91' lang='lat' dir='ltr'><strong>odii</strong></span> <span class='ocrx_word' id='word_1_127' title='bbox 237 1412 380 1437; x_wconf 84' lang='lat' dir='ltr'><strong>causam</strong></span> <span class='ocrx_word' id='word_1_128' title='bbox 409 1398 522 1437; x_wconf 88' lang='lat' dir='ltr'><strong>fuisse</strong></span> <span class='ocrx_word' id='word_1_129' title='bbox 541 1398 655 1436; x_wconf 88' lang='lat' dir='ltr'><strong>hanc:</strong></span> <span class='ocrx_word' id='word_1_130' title='bbox 682 1411 813 1449; x_wconf 85' lang='lat' dir='ltr'><strong>praeco</strong></span> <span class='ocrx_word' id='word_1_131' title='bbox 841 1397 887 1436; x_wconf 91' lang='lat' dir='ltr'><strong>ad</strong></span> <span class='ocrx_word' id='word_1_132' title='bbox 918 1402 978 1436; x_wconf 79' lang='lat' dir='ltr'><strong>eos</strong></span> <span class='ocrx_word' id='word_1_133' title='bbox 1003 1403 1040 1436; x_wconf 92' lang='lat' dir='ltr'><strong>et</strong></span> <span class='ocrx_word' id='word_1_134' title='bbox 1065 1398 1111 1436; x_wconf 88' lang='lat' dir='ltr'><strong>ad</strong></span> <span class='ocrx_word' id='word_1_135' title='bbox 1140 1398 1341 1448; x_wconf 82' lang='lat' dir='ltr'><strong>Spartanos</strong></span> <span class='ocrx_word' id='word_1_136' title='bbox 1363 1400 1494 1437; x_wconf 83' lang='lat' dir='ltr'><strong>missus</strong></span> 
     </span>
     <span class='ocr_line' id='line_1_18' title="bbox 131 1467 1494 1519; baseline 0.002 -15"><span class='ocrx_word' id='word_1_137' title='bbox 131 1467 196 1517; x_wconf 87' lang='lat' dir='ltr'><strong>qui</strong></span> <span class='ocrx_word' id='word_1_138' title='bbox 216 1474 403 1506; x_wconf 87' lang='lat' dir='ltr'><strong>accusaret</strong></span> <span class='ocrx_word' id='word_1_139' title='bbox 419 1468 654 1517; x_wconf 88' lang='lat' dir='ltr'><strong>Megarenses</strong></span> <span class='ocrx_word' id='word_1_140' title='bbox 680 1467 777 1518; x_wconf 92' lang='lat' dir='ltr'><strong>quod</strong></span> <span class='ocrx_word' id='word_1_141' title='bbox 793 1480 933 1505; x_wconf 84' lang='lat' dir='ltr'><strong>sacram</strong></span> <span class='ocrx_word' id='word_1_142' title='bbox 958 1472 1092 1505; x_wconf 90' lang='lat' dir='ltr'><strong>terram</strong></span> <span class='ocrx_word' id='word_1_143' title='bbox 1116 1467 1325 1514; x_wconf 86' lang='lat' dir='ltr'><strong>coluissent,</strong></span> <span class='ocrx_word' id='word_1_144' title='bbox 1346 1482 1408 1519; x_wconf 88' lang='lat' dir='ltr'><strong>per</strong></span> <span class='ocrx_word' id='word_1_145' title='bbox 1429 1471 1494 1507; x_wconf 88' lang='lat' dir='ltr'><strong>hos</strong></span> 
     </span>
     <span class='ocr_line' id='line_1_19' title="bbox 132 1535 1492 1586; baseline 0.001 -11"><span class='ocrx_word' id='word_1_146' title='bbox 132 1537 282 1586; x_wconf 84' lang='lat' dir='ltr'><strong>periisse</strong></span> <span class='ocrx_word' id='word_1_147' title='bbox 311 1537 524 1584; x_wconf 84' lang='lat' dir='ltr'><strong>videbatur,</strong></span> <span class='ocrx_word' id='word_1_148' title='bbox 543 1542 624 1575; x_wconf 89' lang='lat' dir='ltr'><strong>tum</strong></span> <span class='ocrx_word' id='word_1_149' title='bbox 647 1550 731 1575; x_wconf 88' lang='lat' dir='ltr'><strong>vero</strong></span> <span class='ocrx_word' id='word_1_150' title='bbox 754 1542 900 1574; x_wconf 87' lang='lat' dir='ltr'><strong>auctore</strong></span> <span class='ocrx_word' id='word_1_151' title='bbox 919 1535 1080 1574; x_wconf 82' lang='lat' dir='ltr'><strong>Charino</strong></span> <span class='ocrx_word' id='word_1_152' title='bbox 1101 1536 1328 1586; x_wconf 84' lang='lat' dir='ltr'><strong>implacabile</strong></span> <span class='ocrx_word' id='word_1_153' title='bbox 1356 1538 1492 1576; x_wconf 86' lang='lat' dir='ltr'><strong>bellum</strong></span> 
     </span>
     <span class='ocr_line' id='line_1_20' title="bbox 131 1605 1493 1657; baseline 0.001 -15"><span class='ocrx_word' id='word_1_154' title='bbox 131 1606 169 1643; x_wconf 91' lang='lat' dir='ltr'><strong>in</strong></span> <span class='ocrx_word' id='word_1_155' title='bbox 213 1619 274 1643; x_wconf 89' lang='lat' dir='ltr'><strong>eos</strong></span> <span class='ocrx_word' id='word_1_156' title='bbox 308 1607 385 1656; x_wconf 91' lang='lat' dir='ltr'><strong>geri</strong></span> <span class='ocrx_word' id='word_1_157' title='bbox 424 1612 590 1657; x_wconf 89' lang='lat' dir='ltr'><strong>coeptum</strong></span> <span class='ocrx_word' id='word_1_158' title='bbox 634 1612 690 1643; x_wconf 88' lang='lat' dir='ltr'><strong>est</strong></span> <span class='ocrx_word' id='word_1_159' title='bbox 700 1621 711 1651; x_wconf 84' lang='lat'><em>3</em></span> <span class='ocrx_word' id='word_1_160' title='bbox 754 1606 810 1643; x_wconf 92' lang='lat' dir='ltr'><strong>illi</strong></span> <span class='ocrx_word' id='word_1_161' title='bbox 850 1618 934 1643; x_wconf 90' lang='lat' dir='ltr'><strong>vero</strong></span> <span class='ocrx_word' id='word_1_162' title='bbox 964 1605 1002 1642; x_wconf 89' lang='lat' dir='ltr'><strong>in</strong></span> <span class='ocrx_word' id='word_1_163' title='bbox 1033 1605 1207 1643; x_wconf 86' lang='lat' dir='ltr'><strong>Periclem</strong></span> <span class='ocrx_word' id='word_1_164' title='bbox 1234 1612 1272 1643; x_wconf 89' lang='lat' dir='ltr'><strong>et</strong></span> <span class='ocrx_word' id='word_1_165' title='bbox 1303 1607 1493 1657; x_wconf 88' lang='lat' dir='ltr'><strong>Aspasiam</strong></span> 
     </span>
     <span class='ocr_line' id='line_1_21' title="bbox 132 1675 1110 1722; baseline -0.002 -8"><span class='ocrx_word' id='word_1_166' title='bbox 132 1689 260 1717; x_wconf 85' lang='lat' dir='ltr'><strong>causas</strong></span> <span class='ocrx_word' id='word_1_167' title='bbox 288 1676 372 1715; x_wconf 90' lang='lat' dir='ltr'><strong>belli</strong></span> <span class='ocrx_word' id='word_1_168' title='bbox 401 1676 656 1722; x_wconf 87' lang='lat' dir='ltr'><strong>coniecerunt,</strong></span> <span class='ocrx_word' id='word_1_169' title='bbox 686 1675 845 1713; x_wconf 86' lang='lat' dir='ltr'><strong>citantes</strong></span> <span class='ocrx_word' id='word_1_170' title='bbox 870 1675 936 1712; x_wconf 87' lang='lat' dir='ltr'><strong>hos</strong></span> <span class='ocrx_word' id='word_1_171' title='bbox 963 1687 1110 1712; x_wconf 88' lang='lat' dir='ltr'><strong>versus:</strong></span> 
     </span>
    </p>

    <p class='ocr_par' dir='ltr' id='par_1_7' title="bbox 347 1745 1245 2002">
     <span class='ocr_line' id='line_1_22' title="bbox 347 1745 1217 1795; baseline -0.003 -11"><span class='ocrx_word' id='word_1_172' title='bbox 347 1750 499 1795; x_wconf 86' lang='grc' dir='ltr'><strong><em>πόρνην</em></strong></span> <span class='ocrx_word' id='word_1_173' title='bbox 528 1745 570 1782; x_wconf 80' lang='grc' dir='ltr'><strong>δὲ</strong></span> <span class='ocrx_word' id='word_1_174' title='bbox 599 1746 811 1794; x_wconf 75' lang='grc' dir='ltr'><strong><em>Σιμαίθαν</em></strong></span> <span class='ocrx_word' id='word_1_175' title='bbox 844 1747 967 1788; x_wconf 78' lang='grc' dir='ltr'><strong><em>ἰόντες</em></strong></span> <span class='ocrx_word' id='word_1_176' title='bbox 1001 1745 1217 1793; x_wconf 76' lang='grc' dir='ltr'><strong><em>Μεγάραδε</em></strong></span> 
     </span>
     <span class='ocr_line' id='line_1_23' title="bbox 355 1814 1147 1863; baseline -0.004 -10"><span class='ocrx_word' id='word_1_177' title='bbox 355 1816 511 1854; x_wconf 76' lang='grc' dir='ltr'><strong><em>νεανίαι</em></strong></span> <span class='ocrx_word' id='word_1_178' title='bbox 542 1814 753 1853; x_wconf 82' lang='grc' dir='ltr'><strong><em>κλέπτουσι</em></strong></span> <span class='ocrx_word' id='word_1_179' title='bbox 784 1814 1147 1863; x_wconf 72' lang='grc' dir='ltr'><strong><em>μεθυσοκότταβοι·</em></strong></span> 
     </span>
     <span class='ocr_line' id='line_1_24' title="bbox 348 1881 1108 1934; baseline -0.003 -12"><span class='ocrx_word' id='word_1_180' title='bbox 348 1881 445 1934; x_wconf 75' lang='grc' dir='ltr'><strong>κᾷθ’</strong></span> <span class='ocrx_word' id='word_1_181' title='bbox 476 1886 514 1921; x_wconf 85' lang='grc' dir='ltr'><strong>οἱ</strong></span> <span class='ocrx_word' id='word_1_182' title='bbox 539 1888 739 1932; x_wconf 73' lang='grc' dir='ltr'><strong><em>Μεγαρεῖς</em></strong></span> <span class='ocrx_word' id='word_1_183' title='bbox 768 1883 1108 1930; x_wconf 77' lang='grc' dir='ltr'><strong><em>πεφυσιγγωμένοι</em></strong></span> 
     </span>
     <span class='ocr_line' id='line_1_25' title="bbox 349 1949 1245 2002; baseline -0.004 -10"><span class='ocrx_word' id='word_1_184' title='bbox 349 1951 646 2002; x_wconf 74' lang='grc' dir='ltr'><strong><em>ἀντεξέκλεψαν</em></strong></span> <span class='ocrx_word' id='word_1_185' title='bbox 679 1950 907 1995; x_wconf 83' lang='grc' dir='ltr'><strong><em>Ἀσπασίας</em></strong></span> <span class='ocrx_word' id='word_1_186' title='bbox 937 1954 1085 2000; x_wconf 81' lang='grc' dir='ltr'><strong><em>πόρνας</em></strong></span> <span class='ocrx_word' id='word_1_187' title='bbox 1106 1951 1175 1990; x_wconf 69' lang='grc' dir='ltr'><strong>δύο</strong></span> <span class='ocrx_word' id='word_1_188' title='bbox 1199 1949 1245 2000; x_wconf 78' lang='lat'><strong>2).</strong></span> 
     </span>
    </p>
   </div>
   <div class='ocr_carea' id='block_1_3' title="bbox 176 2084 1242 2757">
    <p class='ocr_par' dir='ltr' id='par_1_8' title="bbox 176 2084 1242 2757">
     <span class='ocr_line' id='line_1_26' title="bbox 176 2084 1242 2126; baseline -0.004 -8"><span class='ocrx_word' id='word_1_189' title='bbox 176 2090 203 2126; x_wconf 82' lang='lat'><strong>1)</strong></span> <span class='ocrx_word' id='word_1_190' title='bbox 230 2089 370 2118; x_wconf 74' lang='lat' dir='ltr'><strong>Miramur</strong></span> <span class='ocrx_word' id='word_1_191' title='bbox 394 2087 578 2116; x_wconf 76' lang='lat' dir='ltr'><strong>Plutarchum</strong></span> <span class='ocrx_word' id='word_1_192' title='bbox 601 2095 656 2114; x_wconf 89' lang='lat' dir='ltr'><strong>nou</strong></span> <span class='ocrx_word' id='word_1_193' title='bbox 679 2085 779 2114; x_wconf 79' lang='lat' dir='ltr'><strong>citasse</strong></span> <span class='ocrx_word' id='word_1_194' title='bbox 800 2084 947 2122; x_wconf 84' lang='lat' dir='ltr'><strong>Eupolidis</strong></span> <span class='ocrx_word' id='word_1_195' title='bbox 969 2087 1051 2113; x_wconf 88' lang='lat' dir='ltr'><strong>notos</strong></span> <span class='ocrx_word' id='word_1_196' title='bbox 1075 2085 1242 2114; x_wconf 80' lang='lat' dir='ltr'><strong>versiculos:</strong></span> 
     </span>
     <span class='ocr_line' id='line_1_27' title="bbox 422 2142 1117 2182; baseline -0.001 -9"><span class='ocrx_word' id='word_1_197' title='bbox 422 2143 544 2174; x_wconf 74' lang='grc' dir='ltr'><strong><em>Πειθώ</em></strong></span> <span class='ocrx_word' id='word_1_198' title='bbox 568 2155 618 2178; x_wconf 82' lang='grc' dir='ltr'><strong>τις</strong></span> <span class='ocrx_word' id='word_1_199' title='bbox 640 2144 835 2182; x_wconf 74' lang='grc' dir='ltr'><strong><em>ἐπεκάθητο</em></strong></span> <span class='ocrx_word' id='word_1_200' title='bbox 858 2149 945 2172; x_wconf 79' lang='grc' dir='ltr'><strong><em>τοῖσι</em></strong></span> <span class='ocrx_word' id='word_1_201' title='bbox 968 2142 1117 2181; x_wconf 76' lang='grc' dir='ltr'><strong><em>χείλεσιν</em></strong></span> 
     </span>
     <span class='ocr_line' id='line_1_28' title="bbox 423 2200 1127 2240; baseline -0.003 -9"><span class='ocrx_word' id='word_1_202' title='bbox 423 2202 534 2237; x_wconf 80' lang='grc' dir='ltr'><strong><em>Οὕτως</em></strong></span> <span class='ocrx_word' id='word_1_203' title='bbox 555 2202 668 2240; x_wconf 77' lang='grc' dir='ltr'><strong><em>ἐκήλει</em></strong></span> <span class='ocrx_word' id='word_1_204' title='bbox 691 2204 749 2231; x_wconf 82' lang='grc' dir='ltr'><strong>καὶ</strong></span> <span class='ocrx_word' id='word_1_205' title='bbox 772 2202 868 2238; x_wconf 77' lang='grc' dir='ltr'><strong><em>μόνος</em></strong></span> <span class='ocrx_word' id='word_1_206' title='bbox 892 2201 956 2230; x_wconf 76' lang='grc' dir='ltr'><strong>τῶν</strong></span> <span class='ocrx_word' id='word_1_207' title='bbox 981 2200 1127 2240; x_wconf 80' lang='grc' dir='ltr'><strong><em>ῥητόρων</em></strong></span> 
     </span>
     <span class='ocr_line' id='line_1_29' title="bbox 426 2257 1198 2298; baseline -0.004 -11"><span class='ocrx_word' id='word_1_208' title='bbox 426 2258 473 2288; x_wconf 85' lang='grc' dir='ltr'><strong>Τὸ</strong></span> <span class='ocrx_word' id='word_1_209' title='bbox 496 2258 632 2298; x_wconf 73' lang='grc' dir='ltr'><strong><em>κέντρον</em></strong></span> <span class='ocrx_word' id='word_1_210' title='bbox 655 2258 854 2295; x_wconf 72' lang='grc' dir='ltr'><strong><em>ἐγκατέλιπε</em></strong></span> <span class='ocrx_word' id='word_1_211' title='bbox 877 2264 947 2291; x_wconf 82' lang='grc' dir='ltr'><strong><em>τοῖς</em></strong></span> <span class='ocrx_word' id='word_1_212' title='bbox 970 2257 1198 2297; x_wconf 74' lang='grc' dir='ltr'><strong><em>ἀκροωμένοις.</em></strong></span> 
     </span>
     <span class='ocr_line' id='line_1_30' title="bbox 176 2315 497 2354; baseline 0 -9"><span class='ocrx_word' id='word_1_213' title='bbox 176 2315 205 2352; x_wconf 85' lang='grc'><strong>2)</strong></span> <span class='ocrx_word' id='word_1_214' title='bbox 227 2316 390 2354; x_wconf 85' lang='lat' dir='ltr'><strong>Sequuntur</strong></span> <span class='ocrx_word' id='word_1_215' title='bbox 413 2315 497 2345; x_wconf 82' lang='lat' dir='ltr'><strong>haec:</strong></span> 
     </span>
     <span class='ocr_line' id='line_1_31' title="bbox 384 2371 1120 2412; baseline -0.004 -10"><span class='ocrx_word' id='word_1_216' title='bbox 384 2373 545 2402; x_wconf 76' lang='grc' dir='ltr'><strong><em>κάκεῖθεν</em></strong></span> <span class='ocrx_word' id='word_1_217' title='bbox 566 2372 653 2412; x_wconf 80' lang='grc' dir='ltr'><strong><em>ἀρχὴ</em></strong></span> <span class='ocrx_word' id='word_1_218' title='bbox 674 2374 735 2401; x_wconf 83' lang='grc' dir='ltr'><strong>τοῦ</strong></span> <span class='ocrx_word' id='word_1_219' title='bbox 758 2371 904 2408; x_wconf 70' lang='grc' dir='ltr'><strong><em>πολέμου</em></strong></span> <span class='ocrx_word' id='word_1_220' title='bbox 929 2372 1120 2410; x_wconf 77' lang='grc' dir='ltr'><strong><em>κατερράγη</em></strong></span> 
     </span>
     <span class='ocr_line' id='line_1_32' title="bbox 379 2423 1076 2470; baseline -0.003 -11"><span class='ocrx_word' id='word_1_221' title='bbox 379 2423 524 2469; x_wconf 44' lang='grc' dir='ltr'><strong><em>(Ἕλλησι</em></strong></span> <span class='ocrx_word' id='word_1_222' title='bbox 547 2432 645 2459; x_wconf 73' lang='grc' dir='ltr'><strong><em>πᾶσιν</em></strong></span> <span class='ocrx_word' id='word_1_223' title='bbox 667 2429 701 2457; x_wconf 77' lang='grc' dir='ltr'><strong>ἐκ</strong></span> <span class='ocrx_word' id='word_1_224' title='bbox 725 2431 823 2470; x_wconf 78' lang='grc' dir='ltr'><strong><em>τριῶν</em></strong></span> <span class='ocrx_word' id='word_1_225' title='bbox 846 2429 1076 2468; x_wconf 82' lang='grc' dir='ltr'><strong><em>λαικαστριῶν.</em></strong></span> 
     </span>
     <span class='ocr_line' id='line_1_33' title="bbox 386 2484 1101 2528; baseline -0.006 -11"><span class='ocrx_word' id='word_1_226' title='bbox 386 2487 577 2517; x_wconf 71' lang='grc' dir='ltr'><strong><em>Ἐντεῦθεν</em></strong></span> <span class='ocrx_word' id='word_1_227' title='bbox 602 2488 682 2528; x_wconf 80' lang='grc' dir='ltr'><strong><em>ὀργῇ</em></strong></span> <span class='ocrx_word' id='word_1_228' title='bbox 704 2487 891 2526; x_wconf 73' lang='grc' dir='ltr'><strong><em>Περικλέης</em></strong></span> <span class='ocrx_word' id='word_1_229' title='bbox 915 2484 1101 2522; x_wconf 65' lang='grc' dir='ltr'><strong><em>οὑλύμπιος</em></strong></span> 
     </span>
     <span class='ocr_line' id='line_1_34' title="bbox 382 2535 1189 2584; baseline -0.006 -11"><span class='ocrx_word' id='word_1_230' title='bbox 382 2541 548 2584; x_wconf 78' lang='grc' dir='ltr'><strong><em>ἤστραπτ’</em></strong></span> <span class='ocrx_word' id='word_1_231' title='bbox 574 2544 718 2583; x_wconf 73' lang='grc' dir='ltr'><strong><em>ἐρ’ρόνια</em></strong></span> <span class='ocrx_word' id='word_1_232' title='bbox 741 2541 907 2576; x_wconf 73' lang='grc' dir='ltr'><strong><em>ξυνεκύκα</em></strong></span> <span class='ocrx_word' id='word_1_233' title='bbox 930 2544 992 2580; x_wconf 80' lang='grc' dir='ltr'><strong>τὴν</strong></span> <span class='ocrx_word' id='word_1_234' title='bbox 1010 2535 1189 2573; x_wconf 65' lang='lat' dir='ltr'><strong>‘&#39;EM-ada,</strong></span> 
     </span>
     <span class='ocr_line' id='line_1_35' title="bbox 383 2599 1196 2640; baseline -0.004 -11"><span class='ocrx_word' id='word_1_235' title='bbox 383 2602 495 2631; x_wconf 72' lang='grc' dir='ltr'><strong><em>ἐτίθει</em></strong></span> <span class='ocrx_word' id='word_1_236' title='bbox 517 2601 635 2637; x_wconf 75' lang='grc' dir='ltr'><strong><em>νόμους</em></strong></span> <span class='ocrx_word' id='word_1_237' title='bbox 657 2600 765 2640; x_wconf 76' lang='grc' dir='ltr'><strong><em>ὥσπερ</em></strong></span> <span class='ocrx_word' id='word_1_238' title='bbox 789 2599 904 2629; x_wconf 82' lang='grc' dir='ltr'><strong><em>σκόλια</em></strong></span> <span class='ocrx_word' id='word_1_239' title='bbox 928 2599 1196 2639; x_wconf 75' lang='grc' dir='ltr'><strong><em>γεγραμμένοις,</em></strong></span> 
     </span>
     <span class='ocr_line' id='line_1_36' title="bbox 386 2653 1180 2698; baseline -0.004 -3"><span class='ocrx_word' id='word_1_240' title='bbox 386 2656 424 2691; x_wconf 68' lang='grc' dir='ltr'><strong>ὡς</strong></span> <span class='ocrx_word' id='word_1_241' title='bbox 446 2660 511 2697; x_wconf 74' lang='grc' dir='ltr'><strong>χρὴ</strong></span> <span class='ocrx_word' id='word_1_242' title='bbox 536 2657 716 2698; x_wconf 67' lang='grc' dir='ltr'><strong><em>Μεγαρέας</em></strong></span> <span class='ocrx_word' id='word_1_243' title='bbox 738 2659 822 2695; x_wconf 72' lang='grc' dir='ltr'><strong><em>μήτε</em></strong></span> <span class='ocrx_word' id='word_1_244' title='bbox 847 2660 890 2694; x_wconf 80' lang='grc' dir='ltr'><strong>νῇ</strong></span> <span class='ocrx_word' id='word_1_245' title='bbox 911 2653 991 2695; x_wconf 72' lang='grc' dir='ltr'><strong><em>μήτ’</em></strong></span> <span class='ocrx_word' id='word_1_246' title='bbox 1020 2656 1052 2684; x_wconf 70' lang='grc' dir='ltr'><strong>ἓν</strong></span> <span class='ocrx_word' id='word_1_247' title='bbox 1076 2657 1180 2693; x_wconf 70' lang='grc' dir='ltr'><strong><em>ἀγορᾷ</em></strong></span> 
     </span>
     <span class='ocr_line' id='line_1_37' title="bbox 385 2711 1153 2757; baseline -0.008 -12"><span class='ocrx_word' id='word_1_248' title='bbox 385 2715 465 2755; x_wconf 79' lang='grc' dir='ltr'><strong><em>μήτ’</em></strong></span> <span class='ocrx_word' id='word_1_249' title='bbox 485 2717 519 2744; x_wconf 77' lang='grc' dir='ltr'><strong><em>ἐν</em></strong></span> <span class='ocrx_word' id='word_1_250' title='bbox 543 2714 699 2757; x_wconf 76' lang='grc' dir='ltr'><strong><em>θαλάττῃ</em></strong></span> <span class='ocrx_word' id='word_1_251' title='bbox 721 2711 800 2754; x_wconf 79' lang='grc' dir='ltr'><strong><em>μήτ’</em></strong></span> <span class='ocrx_word' id='word_1_252' title='bbox 827 2714 861 2742; x_wconf 77' lang='grc' dir='ltr'><strong><em>ἐν</em></strong></span> <span class='ocrx_word' id='word_1_253' title='bbox 882 2713 1008 2753; x_wconf 75' lang='grc' dir='ltr'><strong><em>ἠπείρῳ</em></strong></span> <span class='ocrx_word' id='word_1_254' title='bbox 1030 2711 1153 2749; x_wconf 77' lang='grc' dir='ltr'><strong><em>μένειν.</em></strong></span> 
     </span>
    </p>
   </div>
  </div>
 </body>
</html>
