1772 3188
826 270 876 307 29

172 389 253 427 Iam
288 388 375 423 ante
404 383 473 421 hoc
504 387 650 433 tempus
677 396 760 421 eum
788 395 827 421 se
857 383 1081 434 praestitisse
1109 385 1227 423 virum
1258 398 1377 424 rerum
1410 387 1529 438 politi-

174 470 295 497 carum
343 453 522 505 peritum,
568 452 632 502 qui
675 453 759 492 vivo
798 452 968 502 Cimone,
1005 454 1092 493 huic
1133 455 1277 493 adesset
1318 460 1356 494 et
1399 456 1531 495 Pericli

174 527 439 569 adversaretur,
469 522 667 560 verisimile
686 527 741 560 est
766 523 814 574 l).
846 524 930 575 Ipse
958 537 1078 562 annus
1107 538 1180 576 quo
1201 525 1270 563 hoc
1298 525 1434 563 factum
1465 526 1530 573 sit,

175 595 247 635 dici
275 608 350 633 non
379 596 510 643 potest.

230 665 329 701 Ante
367 661 544 699 Periclem
566 665 724 711 partes,
769 662 915 711 proprio
948 669 1057 700 s'en'su
1091 663 1215 709 verbi,
1246 665 1410 702 nondum
1445 665 1531 703 ade-

174 736 269 772 rant.
328 730 547 782 Respublica
590 734 668 769 erat
697 730 958 771 aristocratica.
1015 732 1224 784 Optimates
1254 734 1446 785 praecipue
1474 748 1528 773 re-

174 799 310 853 gebant
344 800 623 850 rempublicam,
658 800 776 838 multo
805 805 905 839 certe
935 802 1138 852 superiores
1167 807 1281 841 erant.

227 870 516 917 Themistocles,
560 869 817 921 Xanthippus,
862 871 900 909 in
943 871 1068 921 primis
1110 886 1193 910 vero
1237 873 1428 924 Ephialtes
1472 888 1529 913 res

176 952 320 978 movere
359 943 397 976 et
435 942 576 975 mutare
614 942 829 987 coeperant,
871 939 999 988 viaque
1036 939 1080 977 ab
1118 940 1165 977 iis
1199 945 1315 979 strata
1353 943 1531 992 processit

175 1008 355 1055 Pericles;
387 1007 569 1058 Areopagi
598 1007 745 1045 demum
774 1008 992 1046 auctoritate
1021 1008 1133 1047 fracta
1161 1010 1355 1060 optimates
1382 1011 1529 1050 inferio-

174 1091 231 1116 res
259 1090 336 1115 esse
365 1080 571 1127 coeperant.

228 1146 358 1184 Cimon
389 1159 462 1183 non
492 1145 523 1182 is
551 1145 625 1183 fuit
653 1145 716 1196 qui
739 1145 885 1184 assidue
913 1146 952 1184 in
983 1146 1071 1185 urbe
1091 1161 1235 1186 manere
1254 1149 1386 1195 vellet,
1408 1154 1528 1200 partes

175 1215 364 1265 colligeret
406 1217 445 1252 et
472 1213 648 1252 luctando
678 1214 715 1252 in
745 1213 823 1252 foro
852 1218 889 1252 et
917 1214 955 1252 in
986 1215 1146 1253 comitiis
1175 1216 1221 1254 iis
1250 1216 1440 1256 victoriam
1470 1218 1529 1256 da·

173 1289 242 1322 ret.
300 1283 384 1330 Quo
426 1283 543 1332 magis
580 1286 702 1321 autem
738 1283 939 1333 optimates
976 1284 1148 1322 viderunt
1181 1285 1299 1335 qualis
1340 1286 1395 1324 vir
1433 1293 1530 1325 esset

171 1352 329 1390 Pericles
367 1355 404 1389 et
439 1364 618 1402 quaenam
658 1356 783 1389 essent
812 1352 889 1389 eius
918 1352 1092 1398 consilia,
1121 1366 1163 1391 eo
1193 1354 1310 1404 magis
1337 1354 1529 1393 intellexe—

172 1426 260 1461 runt
297 1435 340 1459 eo
377 1421 523 1472 vigente
559 1420 652 1459 male
686 1425 808 1459 actum
845 1421 891 1459 iri
931 1421 976 1460 de
1006 1436 1070 1460 sua
1098 1422 1262 1473 ipsorum
1292 1424 1462 1473 potentia
1489 1425 1527 1462 in

172 1491 333 1529 civitate.
364 1490 558 1529 Timebant
582 1491 663 1528 iure
692 1504 736 1528 ne
765 1504 785 1528 a
813 1490 1073 1538 multitudine,
1104 1491 1214 1530 ducta
1243 1506 1264 1530 a
1295 1493 1373 1530 viro
1393 1494 1528 1531 summi

170 1560 311 1611 ingenii
342 1574 576 1611 summaeque
604 1560 842 1611 prudentiae,
872 1561 1175 1610 opprimerentur.

224 1631 269 1668 Se
298 1644 386 1679 ergo
416 1630 637 1680 colligebant
665 1629 704 1667 in
730 1642 845 1667 unum
874 1642 1028 1680 corpus3
1054 1629 1205 1667 consilia
1227 1629 1386 1680 agebant
1414 1630 1528 1668 etiam

170 1703 272 1737 extra
309 1699 471 1738 comitia.
526 1699 578 1736 At
613 1698 658 1735 iis
697 1698 789 1735 duce
828 1711 918 1748 opus
955 1702 1045 1735 erat.
1102 1697 1240 1735 Eorum
1282 1711 1390 1735 nemo
1436 1699 1530 1736 insi-

170 1768 279 1818 gnior
307 1771 386 1806 erat
414 1780 523 1817 quam
552 1766 803 1817 Thucydides,
832 1766 1005 1803 Melesiae
1034 1766 1144 1805 filius.
1176 1766 1251 1804 Hic
1279 1770 1383 1804 ortus
1412 1766 1552 1805 nobili

149 1838 320 1886 genere,
349 1850 469 1874 rerum
499 1835 732 1886 politicarum
763 1833 1028 1884 peritissimus,
1057 1834 1268 1885 eloquentia
1297 1835 1432 1873 Pericli
1454 1835 1528 1874 fere

169 1918 248 1955 par,
280 1905 334 1943 vir
361 1905 496 1956 probus
523 1918 563 1942 ac
592 1908 761 1942 constans
782 1907 859 1941 erat
882 1903 928 1953 2).
987 1903 1116 1940 Partes
1145 1903 1411 1943 aristocraticas
1441 1919 1529 1943 cou—

170 1974 336 2012 stituisse
351 2004 360 2021 ,
391 1973 622 2025 membraque
646 1973 796 2010 disiecta
814 1972 851 2009 in
874 1985 987 2009 unum
1009 1972 1170 2022 coegisse
1191 1972 1326 2011 dicitur
1349 1973 1396 2023 3).
1441 1973 1529 2011 Cer-

213 2124 242 2159 l)
267 2123 390 2151 Sintenis
412 2122 445 2151 ad
468 2132 527 2159 cap.
559 2122 598 2162 XI
623 2131 649 2159 p.
672 2122 729 2151 118
762 2122 834 2150 hanc
856 2122 1026 2150 sententiam
1049 2122 1153 2156 tuitus,
1180 2121 1249 2150 citat
1272 2122 1417 2151 Plutarchi
1440 2123 1531 2152 locum

174 2178 250 2214 (Per.
275 2189 300 2208 c.
325 2178 410 2213 Vlll)
433 2178 638 2207 πλεῖστον
661 2177 966 2207 ἀντεπολιτεύσατο
991 2178 1036 2217 τῷ
1059 2178 1223 2217 Περικλεῖ
1243 2179 1370 2218 χρόνον,
1395 2182 1529 2216 urgetque

172 2235 240 2263 illud
262 2235 432 2264 πλεῖστον.
474 2235 627 2271 Praecipue
649 2235 700 2262 hoc
722 2234 902 2262 statuendum
926 2243 983 2262 esse
1007 2237 1115 2270 putem,
1140 2234 1213 2270 quod
1235 2233 1410 2271 Thucydides
1432 2229 1532 2262 stetim*

171 2290 227 2318 fere
250 2277 319 2328 >post
349 2290 474 2319 Cimonis
507 2294 628 2319 mortem
669 2289 777 2318 exstitit
809 2299 922 2318 suarum
953 2289 1076 2326 partium
1100 2290 1243 2327 princeps,
1266 2295 1293 2317 et
1316 2289 1388 2327 qnod
1414 2290 1528 2318 suerunt

171 2355 270 2374 causae
301 2346 330 2374 in
359 2347 417 2375 eius
451 2346 508 2373 vita
540 2345 654 2382 politica
686 2345 830 2373 anteriore
861 2354 949 2381 quare
979 2354 1042 2372 eum
1066 2345 1154 2373 secuti
1178 2345 1234 2373 sint
1257 2345 1356 2382 reliqui
1379 2345 1529 2381 optimates

171 2400 280 2430 ducem.

213 2456 242 2493 2)
267 2457 343 2487 Plut.
365 2457 428 2488 Nic,
444 2457 486 2488 II.
511 2456 688 2497 Γέγραφεν
714 2453 967 2496 Ἀριστοτέλης,
993 2456 1043 2486 ὅτι
1065 2462 1155 2497 τρεῖς
1180 2457 1333 2495 ἐγίνοντο
1355 2457 1528 2493 βέλτιστοι

171 2511 235 2541 τῶν
258 2513 404 2543 πολιτῶν
429 2516 485 2543 καὶ
508 2515 676 2553 πατρικὴν
701 2513 836 2552 ἔχοντες
860 2513 991 2543 εὔνοιαν
1016 2515 1073 2542 καὶ
1096 2514 1210 2549 φιλίαν
1232 2515 1313 2554 πρὸς
1330 2514 1386 2543 τὸν
1404 2515 1530 2553 δῆμον,

171 2568 291 2604 ,Νικίας
305 2568 321 2598 ὃ
334 2570 543 2611 Νικηράτου,
559 2572 620 2600 καὶ
637 2569 852 2608 Θουκυδίδης
868 2570 884 2599 ὁ
898 2570 1069 2610 Μελησίου
1087 2571 1143 2599 καὶ
1160 2570 1355 2610 Θηραμένης
1371 2570 1387 2599 ὁ
1399 2566 1514 2609 ““Λγνω

169 2631 221 2659 νὸς
238 2643 275 2648 -
291 2627 370 2665 Quod
390 2628 565 2664 splendidum
590 2628 723 2655 indicium
747 2627 921 2663 aliquantum
945 2627 1124 2655 imminuitur
1148 2628 1305 2655 nominibus
1327 2627 1460 2661 adiectis,
1483 2627 1529 2655 sed

170 2681 254 2710 etiam
281 2682 342 2711 Nic.
369 2683 402 2710 VI
427 2683 601 2720 Thucydides
623 2683 698 2711 inter
718 2682 837 2719 optimos
859 2687 1026 2711 numeratur
1047 2684 1130 2711 simul
1152 2693 1215 2712 cum
1239 2683 1371 2712 Aristide.

211 2737 240 2773 3)
267 2738 425 2767 Woldemar
447 2739 587 2773 Ribbeck,
612 2738 665 2767 Die
687 2739 850 2774 Achai-uer,
872 2748 900 2776 p.
923 2738 997 2772 236,
1021 2739 1072 2767 hac
1094 2739 1128 2767 de
1151 2748 1180 2767 re
1203 2740 1242 2767 sic
1264 2739 1404 2776 disputat:
