1772 3188
829 211 879 248 23

179 335 214 371 1,
271 328 375 366 Vixit
403 327 477 364 fere
508 324 651 363 saeculo
680 328 764 373 post
793 324 927 362 bellum
959 325 1135 363 Samium.
1200 325 1395 375 Scripsisse
1423 326 1541 364 fertur

174 400 377 451 Ἱστορίαι,
413 396 520 446 (quae
548 392 658 432 etiam
689 391 848 430 citantur
876 392 988 431 titulo
1018 394 1235 445 Ἑλληνικά
1274 398 1312 431 et
1354 396 1540 434 Μακεδο-

173 469 296 517 νικά),
326 470 375 506 τὰ
404 468 490 515 περὶ
521 464 788 511 Αγαθοκλέα,
825 465 990 512 Σαμίων
1020 460 1138 514 ὧροι,
1167 463 1217 501 al.

225 535 281 572 De
310 546 353 571 co
382 531 539 581 legimus
568 529 666 580 apud
695 528 802 568 Phot.
833 528 920 568 bibl.
952 530 1031 568 cod,
1066 531 1139 568 176
1170 544 1206 581 p.
1241 533 1355 569 121³:

227 609 367 653 Δοῦρις
404 603 476 650 μὲν
515 596 584 639 οὖν
623 602 644 637 ὁ
681 603 831 648 Σάμιος
861 603 903 639 ἐν
934 608 980 650 τῇ
1011 604 1143 651 πρώτῃ
1174 605 1251 640 τῶν
1283 603 1403 640 αὑτοῦ
1435 603 1534 638 ἱστο-

172 679 268 724 ριῶν
300 672 400 710 οὕτω
430 670 547 719 φησίν
581 667 778 718 μ”Εφορος
799 668 839 707 δὲ
867 672 933 707 καὶ
955 670 1183 719 Θεόπομπος
1204 674 1282 709 τῶν
1314 669 1537 719 γενομένων

174 742 347 791 (προγεν.
380 736 556 785 Oasaub).
585 737 769 776 πλεῖστον
799 737 1119 788 ἀπελείφθησαν·
1143 741 1229 777 οὔτε
1251 741 1325 788 γὰρ
1344 743 1535 787 μιμήσεως

170 808 390 859 μὲι-ἔλαβον
435 806 617 854 οὐδεμιᾶς
656 808 743 844 οὔτε
782 807 922 855 ἡδονῆς
963 808 1003 845 ἐν
1042 812 1095 855 τῷ
1136 812 1305 857 φράσαι,
1343 807 1462 846 αὐτοῦ
1494 807 1535 845 δὲ

172 882 236 916 τοῦ
277 880 442 926 γράφειν
481 878 602 922 μόνον
644 872 981 924 ἐπεμελήθησαν.”
1013 879 1141 914 καίτοι
1179 880 1320 925 Δοῦρις
1362 878 1427 914 καὶ
1470 883 1536 923 τῆς

174 949 215 984 ἐν
256 945 394 988 αὐτοῖς
443 941 595 985 τούτοις
643 944 889 991 οἰκονομίας,
933 943 989 986 οἷς
1031 945 1233 985 αἰτιᾶται,
1284 943 1411 981 πολλὰ
1455 948 1535 981 τῶν

172 1014 329 1064 ἀνδρῶν
361 1012 607 1061 λειπόμενος.

225 1080 336 1128 Quod
360 1093 379 1117 a
409 1078 584 1116 Cicerone
609 1077 672 1127 (ad
698 1079 780 1115 Att.
806 1077 878 1124 VI,
909 1079 945 1128 l)
973 1083 1122 1115 vocatur
1154 1078 1288 1126 'fhomo
1316 1079 1353 1115 in
1384 1078 1536 1115 historia

175 1146 369 1198 diligeus'’‘
387 1146 494 1184 hodie
525 1144 646 1185 movet
674 1147 857 1184 neminem
883 1147 926 1194 l).

225 1215 457 1256 Aeschinem
496 1214 743 1255 Socraticum
782 1216 1010 1266 dialogorum
1049 1216 1263 1266 scriptorem
1294 1215 1351 1253 bis
1381 1216 1471 1253 citat
1502 1229 1534 1252 c.

172 1284 303 1323 XXIV
337 1288 376 1322 et
413 1284 580 1323 XXXII.
640 1284 743 1331 Quae
783 1285 902 1334 priore
940 1285 1020 1322 loco
1060 1285 1234 1334 leguntur
1275 1284 1410 1334 partim
1446 1284 1535 1322 falsa

174 1367 249 1391 esse
278 1357 378 1403 puto.
438 1352 629 1403 Leguntur
659 1353 768 1391 haec:
799 1389 806 1397 ,

226 1424 424 1474 Αἰσχίνης
463 1424 503 1462 δὲ
535 1437 626 1473 φησι
657 1426 722 1461 καὶ
761 1423 960 1462 Λυσικλέα
1001 1426 1068 1462 τὸν
1104 1420 1461 1473 προβατοκάπηλον
1493 1423 1533 1466 ἐξ

172 1493 359 1539 ἀγεννοῦς
390 1497 456 1531 καὶ
488 1498 674 1532 ταπεινοῦ
704 1496 775 1540 τὴν
797 1497 910 1540 φύσιν
943 1491 1184 1541 Ἀθηναίων
1215 1492 1403 1537 γενέσθαι
1435 1494 1534 1540 πρῶ-

171 1575 239 1599 τον
273 1557 480 1609 Ἀσπασίᾳ
510 1564 678 1599 συνόντα
707 1564 803 1608 μετὰ
832 1564 902 1608 τὴν
932 1559 1173 1608 Περικλέους
1201 1559 1397 1606 τελευτήν.

225 1625 275 1662 Et
314 1625 436 1663 Schol.
480 1625 577 1663 Plat.
618 1625 763 1662 Menex.
808 1629 1029 1676 ἐπεγήματο
1067 1627 1107 1664 δὲ
1147 1632 1170 1676 ή
1208 1629 1402 1665 Λσπασία
1438 1630 1534 1675 μετὰ

170 1698 237 1735 τὸν
266 1695 508 1747 Περικλέους
539 1700 721 1736 θάνατον
756 1695 947 1735 Λυσικλεῖ
983 1701 1037 1746 τῷ
1073 1695 1430 1748 προβατοκαπήλῳ,
1467 1698 1531 1734 κάὶ

171 1767 211 1811 ἐξ
249 1766 368 1805 αὐτοῦ
406 1767 491 1805 υἱὸν
531 1767 641 1817 ἔσχεν
679 1767 842 1815 ὀνόματι
873 1770 1099 1815 Ποριστην,
1132 1768 1198 1803 καὶ
1230 1768 1297 1804 τὸν
1328 1764 1530 1803 Λυσικλέα

170 1836 311 1885 ῥήτορα
341 1835 571 1874 δεινότατον
603 1838 911 1873 κατεσκευάσατο
937 1836 989 1878 ὡς
1009 1835 1197 1885 Λϊσχίνης
1217 1836 1239 1872 ό
1258 1836 1526 1884 Σωκρατικός.

169 1900 255 1939 Non
288 1915 435 1952 prorsus
464 1902 561 1939 idem
591 1906 646 1939 est
675 1901 775 1951 quod
809 1902 898 1939 citat
923 1905 1091 1951 uterque.
1132 1901 1248 1938 Nullo
1272 1906 1397 1938 autem
1426 1900 1534 1937 modo

168 1970 247 2007 fieri
277 1971 400 2020 potuit
429 1975 472 2009 ut
501 1971 656 2021 Aspasia
684 1971 887 2022 Lysiclem‚
917 1970 946 2007 si
977 1970 1088 2008 fuerit
1115 1974 1282 2020 α’γεννῆς
1305 1974 1371 2010 καὶ
1399 1987 1531 2009 ταπει-

169 2042 233 2084 νὸς
271 2044 341 2090 τὴν
381 2046 509 2090 φύσιν,
551 2040 676 2078 fecerit
704 2039 991 2078 Atheniensium
1031 2038 1234 2089 principem
1274 2043 1312 2076 et
1349 2043 1531 2076 oratorem

167 2121 361 2149 summum.
419 2109 551 2160 Neque
591 2108 700 2146 talem
745 2108 864 2146 virum
902 2107 974 2145 sibi
1012 2107 1187 2158 elegisset
1225 2107 1400 2157 Aspasia,
1440 2119 1531 2156 quo·

169 2190 249 2214 cum
277 2178 433 2224 viveret,
461 2191 577 2228 neque
607 2177 759 2215 Periclis
793 2190 979 2215 successor
1008 2177 1063 2214 vir
1092 2190 1170 2214 esse
1200 2177 1322 2226 potuit
1350 2176 1464 2213 animi
1492 2182 1530 2213 et
1587 2191 1594 2195 ·

167 2244 309 2295 ingenii
351 2246 497 2284 dotibus
536 2247 749 2285 destitutus.
821 2247 901 2284 Iam
946 2260 1027 2283 vero
1066 2247 1185 2283 hieme
1223 2259 1254 2283 a.
1296 2246 1373 2282 428
1419 2245 1530 2294 periit

168 2312 252 2351 belli
283 2315 355 2353 dux
384 2316 424 2353 in
453 2315 560 2353 Caria
591 2316 720 2365 (Thuc.
753 2318 789 2353 3.
822 2316 899 2365 19).
958 2314 1017 2352 Ab
1045 2314 1290 2364 Aristophane
1320 2314 1456 2363 petitus
1475 2319 1530 2351 est

168 2380 250 2430 (Eq.
298 2384 384 2421 132.
432 2384 524 2433 765)
569 2383 676 2420 simul
719 2396 799 2420 cum
843 2383 999 2419 Eucrate
1032 2387 1070 2419 et
1103 2382 1260 2428 Cleone,
1289 2382 1352 2431 qui
1386 2382 1528 2432 Lysicle

164 2451 445 2504 βδελυρωτερος
466 2456 630 2490 vocatur.
662 2451 847 2502 Perpauca
860 2455 948 2488 sunt
964 2454 1051 2488 nota
1071 2450 1116 2488 de
1136 2451 1204 2489 hoc
1224 2451 1388 2501 Lysicle,
1409 2465 1527 2502 aeque

205 2618 233 2653 l)
258 2619 300 2646 De
332 2628 363 2647 eo
390 2619 502 2656 scripsit
525 2620 549 2648 Ι.
573 2620 606 2649 G.
632 2620 821 2654 Hullemanu,
848 2620 963 2648 Duridis
987 2620 1072 2648 Samii
1096 2628 1167 2655 quae
1196 2624 1357 2656 supersunt.
1387 2619 1464 2648 Trai.
1493 2619 1528 2647 ad

164 2672 257 2703 Rhen.
279 2675 367 2704 1841.

1314 2731 1365 2769 ss-X·
