1784 3201
950 230 1000 268 22

289 346 477 391 continet,
517 349 593 383 tam
622 344 731 393 longe
760 343 890 382 abesse
928 358 949 382 a
983 343 1232 395 Thucydideis
1261 347 1478 394 tantamque
1506 342 1660 393 prodere

289 416 500 462 levitatem,
532 418 572 453 ut
601 413 793 465 Ephorum
814 426 856 451 ea
878 427 899 451 a
929 417 1036 464 poeta
1059 412 1197 451 comico
1217 412 1340 464 potius
1367 425 1478 463 quam
1507 411 1554 451 ab
1583 411 1658 450 his—

290 486 468 524 toriarum
508 483 686 533 scriptore
726 487 937 520 mutuatum
977 496 1056 520 esse
1095 482 1240 520 credas:
1282 482 1502 520 Plutarchus
1536 486 1657 519 tamen

293 555 338 603 (c.
371 554 502 603 XXX)
533 564 646 601 agens
676 551 721 589 de
752 550 838 588 belli
870 551 996 601 Pelop.
1030 550 1165 596 causis,
1198 550 1265 588 hac
1292 551 1372 600 ipsa
1400 550 1436 588 in
1469 563 1506 588 re
1535 549 1659 600 Epho-

293 636 374 660 rum
405 625 551 659 secutus
581 625 639 658 est
663 620 706 670 1).

345 690 544 730 Nescimus
582 694 703 728 autem
745 701 838 739 quae
876 688 976 728 Plut.
1017 687 1179 726 hauserit
1214 701 1260 726 ex
1288 687 1370 725 aliis
1399 685 1659 738 scriptoribus;

290 765 455 799 accurate
500 773 588 809 ergo
631 759 826 797 ostendere
869 759 1063 808 nequimus
1106 758 1252 807 singula
1293 771 1385 810 quae
1441 757 1566 796 hausit
1615 770 1658 795 ex

290 828 450 879 Ephoro.
506 827 613 875 Quae
650 827 693 865 de
723 827 792 865 hac
828 840 866 864 re
901 826 1012 865 allata
1046 831 1152 873 sunt,
1183 827 1397 878 plerumque
1436 826 1544 864 meris
1573 838 1660 864 con-

291 897 442 936 iecturis
470 897 657 942 nituntur,
688 896 855 945 quamvis
885 896 1074 934 interdum
1104 895 1365 946 probabilibus.
1406 896 1551 946 Sauppe
1579 896 1605 934 l.
1635 895 1658 934 l.

291 965 499 1016 suspicatur
536 978 595 1010 ea,
626 978 718 1014 quae
751 978 828 1014 cap.
865 964 981 1002 XVII
1019 964 1064 1001 de
1105 964 1169 1001 illo
1213 964 1365 1002 consilio
1405 964 1483 1002 viro
1526 976 1659 1013 magno

292 1047 366 1072 non
394 1033 550 1085 indigno
583 1038 846 1080 memorantur,
870 1048 915 1071 ex
945 1034 1094 1084 Ephoro
1123 1033 1233 1072 ducta
1262 1047 1339 1072 esse
1364 1033 1408 1084 2).

351 1101 661 1154 Theopompum,
710 1102 772 1152 qui
822 1101 861 1139 in
909 1101 1124 1152 Philippicis
1172 1102 1245 1139 fere
1294 1105 1410 1139 totam
1459 1100 1656 1138 historiam

291 1170 468 1209 Graecam
507 1171 700 1217 tractavit,
740 1170 855 1209 libros
896 1171 1083 1222 complens
1121 1170 1435 1221 digressionibus,
1465 1170 1659 1222 praecipue

291 1243 439 1278 secutus
468 1244 523 1277 est
553 1239 774 1277 Plutarchus
805 1239 842 1277 in
877 1240 949 1277 vita
978 1239 1161 1286 Cimonis3
1195 1245 1233 1278 et
1262 1240 1328 1278 hac
1357 1240 1396 1278 in
1422 1240 1499 1278 vita
1517 1253 1562 1277 ex
1581 1239 1659 1277 eius

290 1307 394 1346 libris
428 1308 590 1346 hausisse
621 1308 767 1346 videtur
795 1322 836 1346 ea
867 1321 961 1358 quae
992 1309 1182 1347 nobiscum
1213 1309 1461 1347 communicat
1488 1308 1532 1345 de
1575 1321 1659 1345 con·

290 1376 459 1414 tentione
488 1376 640 1414 Periclis
680 1381 719 1414 et
757 1376 923 1414 Cimonis
955 1376 1058 1428 (Cap.
1085 1378 1181 1428 IX),
1213 1378 1384 1428 inprimis
1421 1377 1466 1415 de
1495 1376 1660 1415 Cimonis

290 1445 533 1490 liberalitate,
573 1450 610 1483 et
648 1459 727 1496 cap.
769 1446 818 1483 X.
857 1446 1117 1496 Theopompus
1146 1446 1300 1484 summis
1328 1445 1497 1484 laudibus
1526 1445 1662 1483 extulit

290 1514 482 1552 Cimonem
522 1518 559 1551 et
599 1514 839 1552 Plutarchum
881 1514 1038 1552 movisse
1078 1515 1224 1552 videtur
1256 1519 1297 1552 ut
1329 1515 1509 1552 Periclem
1539 1528 1660 1565 repre-

291 1581 484 1620 henderet.

345 1650 518 1689 Ceterum
546 1650 701 1687 minoris
731 1651 860 1688 fecisse
885 1651 1158 1701 Theopompum
1187 1665 1296 1702 quam
1318 1651 1509 1701 Ephorum
1531 1651 1658 1688 fertur.

346 1720 401 1758 De
445 1718 650 1759 Idomenei
690 1719 953 1772 Lampsaceni
994 1722 1071 1759 vita
1116 1725 1152 1759 et
1192 1721 1341 1771 scriptis
1379 1724 1547 1759 accurate
1581 1719 1660 1771 egit

290 1788 330 1828 C.
363 1789 527 1827 Sintenis
558 1790 712 1838 (excurs.
744 1789 777 1825 V
807 1789 984 1840 Pericles)
1007 1791 1052 1840 ·“4).

345 1857 387 1897 C.
425 1858 460 1896 X
495 1859 530 1897 4.
574 1859 706 1896 acriter
735 1859 834 1897 hunc
864 1859 998 1898 refutat
1028 1860 1270 1906 Plutarchus»,
1309 1859 1373 1909 qui
1402 1859 1433 1898 ei
1463 1872 1535 1897 non
1563 1858 1657 1897 mul-

291 1931 372 1965 tum
410 1926 495 1964 fidei
520 1926 696 1965 tribuisse
726 1927 882 1966 videtur.
921 1942 950 1966 c.
982 1927 1129 1966 XXXV
1157 1927 1277 1966 obiter
1308 1931 1484 1966 memorat
1511 1927 1659 1966 Idome-

290 2010 403 2034 neum
443 1998 652 2047 scripsisse,
684 1997 856 2035 Cleonem
887 1997 1038 2036 Periclis
1068 1998 1180 2035 fuisse
1209 2002 1467 2036 accusatorem.

344 2065 478 2116 Neque
507 2066 678 2103 maiorem
708 2065 818 2103 fidem
846 2066 976 2104 habuit
1004 2066 1154 2105 Duridi
1184 2065 1321 2106 Samio
1350 2066 1435 2117 qui,
1476 2066 1521 2104 de
1549 2065 1657 2104 rebus

291 2134 421 2172 Samiis
448 2134 632 2180 scribens,
663 2135 703 2172 in
734 2138 851 2173 maius
880 2136 1057 2173 extulerit
1082 2135 1224 2185 patriae
1253 2135 1397 2173 labores
1428 2140 1465 2173 et
1494 2135 1656 2172 hostiurn

291 2203 568 2250 crudelitatem,
599 2203 641 2243 C.
682 2203 857 2241 XXVIII
868 2220 878 2250 3
910 2204 953 2243 cf.
985 2204 1100 2242 Alcib.
1133 2218 1165 2242 c.
1196 2206 1269 2251 32,
1298 2205 1403 2244 Dem.
1438 2206 1509 2251 10,
1546 2204 1653 2242 Eum.

334 2414 361 2449 l)
386 2413 498 2450 Fragm.
521 2413 587 2442 hist.
610 2414 707 2441 Graec.
733 2414 788 2443 vol.
813 2415 839 2442 l.
864 2424 889 2451 p.
917 2414 1007 2442 LXlll
1031 2420 1059 2442 et
1082 2424 1110 2451 p.
1133 2415 1201 2443 266.

333 2468 361 2504 2)
385 2469 529 2506 Ephorum
562 2469 609 2506 qui
639 2469 713 2506 apud
746 2474 853 2498 veteres
887 2479 988 2507 magna
1015 2471 1105 2507 gloria
1139 2476 1167 2499 et
1195 2471 1364 2500 auctoritate
1398 2471 1506 2505 floruit,
1530 2474 1559 2499 et
1581 2470 1657 2499 Plut.

291 2524 405 2552 maximi
428 2525 508 2558 fecit,
531 2534 650 2562 eumque
672 2535 695 2554 c.
718 2525 767 2553 28.
792 2526 869 2553 iuxta
891 2526 1082 2564 Thucydidem
1108 2531 1135 2555 et
1159 2526 1340 2555 Aristotelem
1356 2526 1466 2556 citavit.
1487 2526 1577 2555 Semel
1593 2536 1657 2555 eum

292 2581 435 2618 vituperat
460 2581 538 2610 Deru.
563 2580 610 2610 36.
624 2581 731 2620 οὐμὴν
748 2581 792 2610 οὐ
804 2579 836 2610 δ’
858 2581 1007 2621 ”Εφορος
1024 2581 1170 2621 ὑγιαίνει
1187 2583 1244 2612 τὸν
1264 2582 1423 2612 Φίλιστον
1438 2583 1657 2622 ἐγκωμιάζων.

335 2634 364 2669 3)
391 2634 432 2662 De
452 2635 555 2672 Theop.
577 2635 706 2673 idemque
727 2637 761 2664 de
778 2637 928 2664 Idomeneo
945 2638 998 2666 vid.
1019 2639 1167 2671 &cheden
1193 2640 1209 2667 Ι.
1227 2642 1243 2667 l.
1268 2649 1293 2675 p.
1311 2639 1357 2667 91.
1383 2640 1453 2667 ltu-ut
1476 2640 1520 2667 hic
1543 2640 1658 2676 Epicuri

292 2690 443 2731 discipulus
467 2697 492 2718 et
516 2693 629 2721 amicus⁴
654 2693 767 2729 Scripsit
792 2694 871 2732 περὶ
899 2694 961 2722 τῶν
984 2694 1215 2734 Σωκρατικῶν,
1238 2697 1317 2734 περὶ
1343 2695 1559 2734 δημαγωγῶν.
