1772 3188
836 224 882 261 15

177 335 335 389 denique
366 337 419 377 vir
446 336 521 387 ille,
552 351 660 390 quem
689 337 861 377 omnibus
890 339 1113 390 superiorem
1143 353 1221 379 esse
1247 341 1383 380 conscii
1413 348 1537 390 erant,

175 409 215 446 in
243 422 354 446 scena
382 408 591 446 ridicularia
616 421 729 457 agens
748 412 785 444 et
806 408 944 445 comice
963 410 1157 458 gravitatis
1177 410 1328 447 modum
1348 411 1539 457 excedens,

175 475 351 528 grandem
381 476 494 515 movit
523 475 652 515 risum.
683 474 749 513 Vir
778 489 936 527 magnus
963 476 1065 515 lusus
1095 477 1254 516 delectat
1281 478 1424 528 vulgus.
1467 479 1541 516 Hic

175 546 270 583 risus
299 545 453 582 Periclis
478 544 694 582 auctoritati
724 558 798 582 11011
821 545 1064 594 Ρο11011103113,
1094 546 1208 583 11111110
1228 560 1314 584 vero
1337 547 1437 584 utilis
1457 547 1537 585 fuit.

174 613 307 652 Poetae
338 613 415 651 voti
446 618 634 664 compotes
664 626 737 651 non
767 613 854 651 facti
884 619 981 652 sunt.
1011 614 1107 652 Nam
1137 615 1201 653 tali
1223 615 1332 652 modo
1352 615 1538 661 invidiae,

176 683 316 733 gloriae
354 678 482 721 comiti
522 682 747 729 satisfiebat;
791 682 950 720 Pericles
984 697 1071 721 suae
1101 683 1373 734 magnitudinis
1402 697 1538 734 poenas

174 751 266 799 luit,
307 751 474 802 civesque
512 764 626 801 quum
663 751 808 789 theatro
847 752 1036 798 exiissent,
1076 756 1117 790 ut
1145 756 1249 799 ante,
1281 752 1540 790 auscultabant
1575 741 1579 743 i

176 822 243 860 illi.
301 821 434 859 Pericli
473 834 557 859 vero
587 821 821 871 displicuisse
849 822 998 859 videtur
1025 822 1087 859 illa
1116 822 1265 860 licentia
1294 823 1535 869 comicorum,

174 889 236 929 Ol.
272 891 335 929 85.
361 893 378 929 1
411 891 488 928 443
514 904 545 929 a.
571 890 614 929 O.
643 890 742 929 0111111
771 890 829 928 lex
858 890 998 941 perlata
1030 895 1106 937 est,
1131 904 1224 942 quae
1254 895 1446 942 poetarum
1476 904 1535 942 pe-

174 960 373 998 tulantiam
405 961 567 998 coercuit
590 961 634 1008 l).

227 1027 334 1067 Hanc
374 1028 492 1080 legem
542 1029 576 1067 ei
620 1041 693 1067 non
734 1028 962 1079 ignoverunt
1000 1028 1084 1066 irati
1135 1028 1319 1067 libertatis
1356 1029 1532 1068 vindices.

173 1098 318 1135 Cratini
333 1102 530 1149 Χείρωνες
563 1097 687 1135 fabula
714 1098 907 1142 acerrima,
937 1098 977 1135 in
997 1098 1170 1136 Periclem
1192 1099 1326 1149 scripta
1344 1105 1411 1146 est,
1433 1106 1536 1149 post-

172 1181 282 1219 quam
303 1166 362 1206 Ol.
382 1169 443 1206 85.
461 1168 537 1205 4140
555 1182 587 1206 a.
605 1166 649 1206 O.
666 1168 865 1219 κατελύθη
891 1170 933 1207 τὸ
958 1173 1140 1219 ψήφισμα
1158 1174 1224 1207 τοῦ
1244 1172 1294 1218 μὴ
1317 1169 1531 1220 κωμῳδεῖν.

172 1236 426 1287 Undecunque
456 1242 647 1287 poterant,
674 1238 713 1275 111
744 1251 827 1274 011111
856 1236 1131 1276 concurrebant.
1160 1236 1360 1287 Corruptor
1389 1237 1534 1275 dictita-

173 1304 282 1343 batur
312 1305 442 1343 veteris
477 1305 747 1356 simplicitatis,
778 1305 935 1343 violator
963 1305 1139 1343 maiorum
1168 1304 1448 1351 institutorum,
1477 1312 1534 1355 ty-

172 1374 339 1413 rannidis
369 1374 649 1424 cupidissimus,
677 1374 858 1413 bellorum
888 1375 1027 1425 patriae
1056 1375 1287 1413 funestorum
1315 1379 1454 1421 auctor,
1476 1375 1532 1412 sui

173 1447 319 1481 tantum
358 1443 473 1493 ipsius
502 1443 681 1481 commodi
714 1457 863 1481 memor.
922 1443 1046 1480 Multa
1073 1443 1161 1480 falsa
1189 1443 1228 1480 in
1256 1456 1366 1480 scena
1395 1443 1533 1480 comica

169 1512 271 1559 ficta,
312 1510 443 1550 deinde
484 1511 633 1562 vulgata
662 1515 698 1549 et
730 1516 856 1562 postea
889 1525 909 1549 a
940 1510 1183 1562 scriptoribus
1211 1511 1302 1549 mira
1329 1515 1367 1549 et
1394 1511 1532 1549 famosa

170 1581 342 1620 narrandi
371 1581 517 1631 cupidis
547 1581 593 1618 ad
623 1568 790 1631 posteros
817 1580 953 1618 tradita
981 1585 1069 1618 sunt
1093 1580 1140 1631 2).

223 1649 447 1689 Plutarchus
485 1650 632 1688 comicis
677 1663 748 1688 uon
780 1663 946 1701 magnam
984 1649 1093 1687 fidem
1132 1648 1284 1696 tribuit,
1332 1649 1405 1688 vid.
1446 1649 1528 1687 Per.

168 1718 281 1758 XlII.
324 1720 368 1767 65
399 1719 590 1758 interdum
620 1724 743 1758 tamen
773 1733 858 1758 eum
887 1719 998 1758 nimis
1028 1724 1231 1758 moverunt.

228 1787 465 1828 Teleclidem
489 1787 545 1825 bis
574 1788 663 1826 citat
688 1788 726 1825 111
757 1788 824 1825 hac
853 1788 927 1825 vita
957 1801 986 1825 c.
1006 1787 1075 1834 IV,
1097 1789 1119 1825 3
1149 1791 1187 1825 et
1207 1786 1313 1834 XVI,
1340 1789 1371 1825 1.
1400 1787 1526 1824 Priore

167 1857 246 1896 loco
272 1858 473 1896 Teleclides
501 1858 599 1896 ludit
627 1857 810 1896 Periclem
839 1857 885 1895 ob
914 1862 1025 1907 caput
1053 1857 1315 1895 inconcinnum
1345 1861 1382 1893 et
1404 1855 1529 1894 oblon-

167 1939 273 1976 gum,
295 1926 435 1974 dicens,
459 1941 568 1975 Iseum
598 1927 705 1966 modo
734 1927 964 1977 negotiorum
997 1926 1180 1964 molestiis
1209 1925 1380 1964 obrutum
1405 1925 1529 1964 sedere

165 1995 204 2033 111
234 1995 324 2035 111110
352 1997 483 2047 capitis
511 1997 669 2047 pondere
699 2002 909 2048 gravatum,
941 1996 1050 2034 modo
1079 1996 1198 2035 solum
1219 2009 1261 2034 ex
1284 1995 1400 2046 capite
1420 1995 1528 2033 domo

167 2065 302 2103 maiore
330 2065 521 2116 ingentem
550 2066 746 2116 strepitum
776 2066 984 2103 excitare!''

219 2132 307 2184 Cap,
337 2134 443 2172 XVI.
490 2134 760 2182 ,Athenienses
789 2115 846 2172 illi
875 2133 1086 2172 tradidisse:
1119 2133 1278 2171 Urbium
1305 2132 1526 2182 vectigalia,

166 2201 346 2252 urbesque
384 2203 483 2253 ipsas
521 2216 611 2253 quas
650 2203 842 2255 vinciret,
882 2202 940 2240 vel
977 2202 1158 2249 dirueret,
1194 2215 1316 2239 muros
1344 2201 1524 2251 lapidem,

163 2283 255 2320 quos
284 2275 492 2328 exstrueret
520 2277 587 2311 aut
607 2285 735 2311 rursus
763 2269 1012 2318 demoliretur,
1034 2270 1199 2319 foedera,
1226 2271 1451 2322 potentiam,
1472 2270 1526 2308 di-

163 2339 272 2377 vitias
300 2326 340 2378 e't‘
364 2340 622 2380 fencitatemx’
691 2342 693 2344 ·
790 2379 792 2382 ,
1010 2380 1012 2382 ,

216 2399 333 2448 Poeta
371 2409 664 2449 Atheniensibus
698 2396 849 2449 nimiam
879 2397 1030 2448 Periclis
1057 2408 1257 2460 potentiam
1287 2413 1371 2447 ante
1400 2408 1525 2446 oculos

206 2644 234 2681 1)
260 2645 321 2676 Vid.
343 2646 449 2682 Cobet,
472 2646 539 2676 Obs.
562 2646 626 2677 crit.
647 2646 677 2675 iu
700 2645 775 2676 Plat.
795 2655 867 2676 com.
892 2645 942 2675 rel.

204 2700 235 2737 2)
259 2701 301 2731 De
322 2703 440 2741 Aspasia
461 2708 489 2732 et
510 2703 624 2732 comicis
646 2703 701 2733 vid.
724 2702 794 2734 Coh.
817 2711 983 2741 prosopogr.
1005 2702 1135 2739 Xenoph.
1158 2712 1183 2739 p.
1207 2702 1246 2733 79
1269 2712 1328 2739 sqq.
