1772 3188
799 235 847 273 25

194 353 283 402 Cap.
314 349 447 388 XXIV
477 351 514 387 3.
545 348 725 398 legimus:
757 351 799 388 ἐν
821 350 863 387 δὲ
885 354 938 398 τῷ
960 350 1175 399 Μενεξένῳ
1196 354 1249 398 τῷ
1271 349 1502 395 Πλάτωνος,

145 427 177 462 εἴ
207 425 272 460 καὶ
300 424 397 470 μετὰ
426 419 588 463 παιδιᾶς
617 421 665 456 τὰ
695 421 832 467 πρῶτα
863 418 1095 466 γέγραπται,
1127 422 1308 457 τοσοῦτόν
1339 418 1375 465 γ’
1406 421 1506 456 ἱστο-

143 492 229 540 ρίας
259 489 425 531 ἔνεστιν,
453 488 515 525 ὅτι
545 486 666 531 δόξαν
698 483 773 536 εἶχε
803 487 846 523 τὸ
869 490 1033 532 γύναιον
1056 487 1118 524 ἐπὶ
1141 488 1325 537 ῥητορικῇ
1343 486 1505 532 πολλοῖς

142 557 303 609 ὁμιλεῖν.
361 553 447 593 Vid.
477 553 578 592 Men.
609 554 686 592 235
716 552 758 591 Ε.
868 545 870 547 ¹

198 625 283 663 Iure
310 623 531 662 Plutarchus
567 622 658 660 dicit
685 626 781 672 μετὰ
818 624 994 669 παιδιᾶς.
1051 622 1137 660 Non
1169 636 1254 661 vero
1287 629 1335 663 τὰ
1364 628 1501 674 πρῶτα

145 698 290 733 tantum
318 693 455 731 ironice
480 692 615 742 scripta
640 698 726 729 sunt
750 691 813 729 sed
841 695 941 729 totus
958 691 1184 730 Menexenus
1211 693 1330 731 colore
1346 693 1502 739 festivo,

143 764 181 800 ni
209 762 331 807 fallor,
359 761 501 798 tinctus
529 765 595 797 est.
656 760 834 797 Miramur
862 760 975 796 fuisse
1003 763 1065 809 qui
1086 761 1183 799 hunc
1208 761 1395 811 dialogum
1416 775 1504 812 spu-

148 832 241 869 rium
273 843 353 868 esse
381 833 568 880 putarent.

198 898 450 938 Aristotelem
483 898 626 948 saepius
655 898 721 935 hac
750 897 787 935 in
818 897 894 934 vita
924 897 1051 935 citavit
1082 898 1202 945 Plut.‚
1232 913 1251 936 e
1282 899 1500 950 quibusnam

146 968 287 1019 scriptis
314 972 435 1005 autem
466 981 532 1005 sua
560 967 756 1013 sumserit,
785 967 939 1005 indicari
969 981 1041 1004 non
1072 973 1203 1017 potest.

198 1036 287 1085 Cap.
318 1035 385 1073 IV.
416 1036 648 1073 Aristotelem
679 1035 875 1073 tradidisse
900 1035 991 1072 dicit-
1016 1036 1269 1085 Pythoclidem
1295 1037 1406 1074 fuisse
1433 1037 1502 1074 Pe-

147 1105 246 1143 riclis
277 1103 498 1154 magistrum
527 1104 705 1151 musices,
748 1117 859 1154 quum
901 1104 1009 1154 vulgo
1055 1105 1196 1143 Damon
1237 1106 1502 1144 nominaretur.

150 1173 357 1211 Verisimile
387 1177 443 1209 est
474 1172 653 1219 Periclem
683 1173 877 1222 utriusque
907 1173 1143 1211 institutione
1173 1187 1279 1211 usum
1309 1188 1387 1212 esse
1412 1175 1457 1225 l).

199 1241 285 1292 Cap.
316 1241 387 1280 IX.
417 1241 596 1279 Periclem
626 1241 857 1280 distribuisse
876 1242 1049 1292 pecunias
1077 1242 1241 1292 publicas
1271 1245 1504 1295 συμβουλεύ-

145 1318 284 1354 σαντος
327 1312 433 1349 αὑτῶ
478 1312 717 1360 Δαμωνίδου
766 1318 832 1350 τοῦ
876 1313 1024 1361 Οἴηθεν
1069 1311 1248 1360 (Οάθεν).
1321 1311 1503 1349 Nonnulli

146 1381 277 1427 putant
316 1378 416 1416 hunc
453 1377 564 1416 fuisse
602 1391 676 1415 non
703 1377 965 1423 Damonidem,
1004 1377 1068 1415 sed
1095 1378 1251 1415 eundem
1281 1379 1504 1425 Damonem,

147 1446 299 1483 musices
327 1446 559 1496 magistrum3
590 1451 695 1495 pater
723 1451 787 1483 aut
817 1446 917 1483 filius
945 1447 1026 1484 eius
1054 1460 1132 1484 esse
1162 1447 1296 1496 potuit.

199 1513 286 1564 Cap.
325 1514 374 1552 X.
416 1514 623 1564 Ephialtem
656 1515 891 1565 optimatium
920 1514 1168 1553 adversarium
1212 1516 1502 1562 inexorabilem,

145 1582 190 1619 ab
218 1582 380 1620 inimicis
405 1584 564 1620 occisum
593 1597 670 1620 esse
698 1597 763 1633 per
794 1584 1043 1621 Aristodicum
1065 1584 1333 1633 Tanagraeum.
1376 1584 1502 1634 (Diod.

145 1650 221 1697 XI,
254 1651 299 1689 17
337 1665 410 1689 uon
449 1657 575 1690 notum
607 1665 684 1690 esse
713 1652 910 1690 occisorem
940 1652 1060 1703 dicit).

197 1719 287 1769 Cap.
315 1720 460 1759 XXVI.
517 1723 550 1758 A
589 1721 738 1758 Melisso
780 1727 817 1758 et
846 1721 1023 1758 Periclem
1051 1721 1174 1770 ipsum
1207 1720 1393 1757 devictum
1426 1733 1503 1757 esse

143 1788 181 1825 in
216 1802 339 1839 pugna
371 1789 506 1828 navali.
565 1789 674 1837 Quod
703 1789 834 1828 falsum
866 1803 942 1828 esse
972 1789 1119 1827 videtur
1141 1788 1184 1838 2).
1243 1788 1404 1826 Sintenis
1444 1790 1504 1838 (ad

144 1857 179 1894 h.
209 1857 250 1905 l.)
282 1858 374 1895 dicit
408 1880 461 1886 —
492 1859 740 1903 ''mentionem
771 1858 849 1895 eius
880 1858 932 1894 rei
965 1858 1091 1894 fecisse
1120 1857 1356 1894 Aristotelem
1388 1862 1429 1896 ἐν
1460 1864 1507 1907 τῇ

196 2022 225 2059 1)
249 2022 347 2057 Plato,
374 2023 463 2052 Aloib.
487 2023 510 2050 I.
536 2032 562 2059 p.
591 2023 648 2050 118
670 2032 711 2051 0.:
736 2021 871 2059 λέγεταί
895 2023 932 2060 γέ
960 2033 1012 2050 τοι
1040 2021 1184 2058 (Pericles)
1213 2021 1271 2050 οὑκ
1297 2021 1361 2050 ἀπὸ
1385 2023 1509 2052 ταύτο-

150 2078 385 2124 μάτοιϊσοφός
419 2078 614 2123 γξγονέναι,
642 2078 728 2107 ἀλλὰ
760 2077 898 2113 πολλοῖς
927 2080 984 2107 καὶ
1020 2083 1130 2113 σοφοῖς
1167 2077 1417 2115 συγγεγονέναι,
1453 2079 1509 2106 καὶ

152 2137 213 2176 γὰρ
236 2119 464 2176 Πυθοᾷιλείῖδῂ
497 2137 554 2165 καὶ
583 2133 804 2177 ’Λναέαγόρᾳ
837 2139 894 2166 καὶ
924 2138 985 2166 νῦν
1019 2136 1069 2165 ἔτι
1092 2136 1288 2174 τηλικοῦτος
1312 2133 1353 2163 ὢν
1377 2136 1510 2171 Δάμωνι

151 2191 302 2224 ξύνεστιν
326 2193 432 2222 adio&
456 2193 577 2221 τούτοιν
600 2190 709 2221 ἕνεκα.
752 2192 922 2220 Scholiastes
944 2192 1067 2220 addidit:
1093 2190 1335 2228 Πυθοκλείδης
1357 2190 1508 2226 μουσικὸς

153 2241 192 2286 ἦν
224 2252 282 2288 τῆς
315 2253 435 2288 σεμνῆς
467 2252 624 2286 μουσικῆς
658 2247 862 2281 διδάσκαλος
894 2249 950 2276 καὶ
991 2247 1245 2286 Πυθαγορεῖος,
1280 2237 1318 2275 οἷν
1349 2247 1510 2284 μαθητὴς

153 2305 374 2344 Αγαθοκλῆς,
409 2296 447 2334 οἷ)
471 2305 713 2345 Λαμπροκλῆς,
738 2296 776 2333 οὗ
801 2304 929 2339 Δάμων.
976 2304 1037 2333 Vid.
1062 2304 1186 2332 Sinteuis
1218 2303 1251 2330 ad
1285 2303 1358 2330 huuc
1392 2303 1510 2331 Plutar-

155 2359 198 2388 chi
220 2360 322 2391 locum.

194 2415 223 2452 2)
249 2416 310 2445 vid.
340 2417 442 2451 Grote,
475 2417 502 2445 h.
534 2417 568 2445 cs.
601 2416 650 2444 Gr.
676 2415 726 2445 Vl.
748 2415 786 2446 27
810 2425 838 2445 n.
860 2414 884 2444 Ι.
908 2413 1065 2449 „Plutarch
1087 2423 1174 2442 seems
1196 2417 1225 2442 to
1247 2414 1319 2442 have
1341 2412 1395 2441 had
1417 2413 1512 2442 before

151 2472 208 2500 him
237 2478 369 2503 accounts
391 2473 550 2511 respecting
571 2474 627 2502 this
654 2472 766 2501 Samisu
793 2471 948 2508 Campaign
975 2474 1024 2499 not
1046 2471 1112 2507 only
1134 2470 1204 2498 from
1228 2470 1373 2506 Ephorus,
1396 2470 1511 2498 Stesim-

157 2527 254 2557 brotus
276 2529 330 2557 and
354 2530 455 2565 Duris,
478 2529 529 2557 but
550 2529 609 2557 also
630 2529 703 2557 from
726 2527 871 2561 Aristotle,
895 2526 948 2555 and
972 2526 1019 2555 the
1039 2528 1207 2554 statements
1228 2525 1259 2552 os
1270 2525 1317 2553 the
1336 2525 1421 2553 latter
1435 2528 1511 2554 must

152 2582 223 2612 have
254 2584 369 2613 differed
402 2586 468 2614 thus
498 2585 542 2613 sar
573 2585 645 2613 from
667 2583 861 2621 Thucydides,
886 2583 949 2611 that
969 2582 1005 2610 he
1027 2580 1153 2609 affirmed
1177 2581 1308 2608 Melissus
1330 2581 1378 2609 the
1398 2581 1511 2609 Samian

151 2640 266 2673 general
288 2644 317 2668 to
338 2640 409 2669 have
431 2641 496 2669 been
522 2640 672 2668 victorious
693 2647 762 2667 over
784 2638 911 2667 Perikles
933 2637 1060 2670 himself,
1085 2636 1175 2665 which
1196 2636 1220 2664 is
1243 2639 1291 2664 not
1314 2639 1343 2664 to
1365 2636 1398 2664 be
1415 2645 1511 2665 recon-

151 2693 219 2722 ciled
242 2696 308 2724 with
331 2697 379 2725 the
401 2696 544 2725 narrative
564 2696 595 2724 os
612 2694 794 2732 Thucydides
