1784 3201
938 251 958 287 8

268 363 378 401 modo
413 364 451 402 in
482 377 567 414 eum
602 363 736 402 invecti
767 368 868 402 sunt.
898 387 950 393 —
979 362 1204 403 Censebatur
1236 364 1333 403 enim
1364 364 1427 404 ille
1455 365 1632 405 excitasse

268 434 404 472 bellum
444 432 815 483 Peloponnesiacum,
858 433 957 483 quod
991 432 1205 472 inevitabile
1239 433 1374 472 malum
1408 447 1487 472 esse
1520 434 1633 484 vulgo

267 516 341 541 non
385 501 581 553 apparebat
592 516 602 547 ς
630 487 828 552 itaque¹in
858 501 984 540 odium
1019 501 1150 540 incidit
1184 502 1350 541 omnium
1384 502 1483 553 pacis
1509 516 1633 542 aman-

267 573 385 617 tium,
437 571 535 609 inter
582 583 674 620 quos
729 570 922 620 praecipue
971 574 1100 620 poetae
1146 570 1276 608 comici
1325 585 1409 609 eum
1458 571 1634 610 conviciis

268 641 422 680 obruere
451 638 674 677 studebant:
705 638 905 689 principem
928 642 1051 677 autem
1078 638 1116 675 in
1144 639 1291 677 civitate
1310 639 1467 679 oderunt
1488 652 1632 687 omnes,

271 710 334 759 qui
368 708 532 746 civitatis
566 706 856 758 gubernaculum
886 720 951 743 sua
977 706 1050 756 ipsi
1081 720 1191 744 manu
1222 712 1348 745 tenere
1378 708 1551 754 mallent3
1581 722 1633 747 ar-

271 778 363 816 tium
394 777 517 814 fautor
545 781 583 814 et
613 775 827 820 literarum,
869 774 1060 813 doctorum
1100 775 1376 826 peregrinorum
1410 774 1549 814 amicus
1577 775 1635 814 in-

271 847 370 884 visus
410 850 489 883 erat
528 845 572 882 iis
610 844 674 894 qui
707 843 884 882 maiorum
914 843 1127 893 religionem
1163 849 1200 881 et
1229 844 1401 883 instituta
1430 844 1569 895 negligi
1597 850 1634 884 et

269 914 499 967 philosophis
528 913 731 964 peregrinis
761 913 916 951 nimium
947 912 1123 950 honorem
1154 912 1269 951 tribui
1299 912 1485 952 dolebant.

326 984 399 1032 Qui
429 988 554 1021 autem
583 987 669 1033 post
698 982 834 1020 bellum
863 982 1217 1032 Peloponnesiacum
1238 982 1284 1020 de
1305 982 1443 1020 Pericle
1462 988 1635 1033 egerunt,

271 1054 382 1093 huius
418 1052 506 1091 belli
543 1052 728 1090 infelicem
758 1051 900 1089 exitum
932 1051 1126 1102 omniaque
1158 1051 1252 1089 mala
1281 1051 1366 1089 inde
1395 1055 1474 1090 orta
1501 1051 1634 1090 Pericli

271 1122 413 1162 auctori
444 1121 553 1171 vulgo
580 1120 802 1158 tribuerunt.

326 1191 518 1229 Perfectus
547 1190 656 1228 homo
685 1202 759 1226 non
789 1193 867 1226 erat
896 1188 1077 1235 Pericles;
1119 1188 1271 1236 erravit,
1304 1188 1504 1240 ‘omniaque
1543 1202 1637 1239 quae

272 1260 417 1311 publice
447 1259 542 1296 male
572 1258 651 1307 egit
676 1271 778 1295 suam
808 1258 880 1294 vim
902 1257 1110 1294 habuerunt
1131 1257 1178 1294 ad
1199 1258 1484 1307 corrumpendos
1505 1271 1636 1308 aequa-

271 1328 324 1366 les
336 1341 345 1377 ;
366 1327 510 1365 facilius
540 1331 664 1364 tamen
685 1339 793 1376 quam
815 1339 881 1376 par
901 1330 957 1363 est
978 1325 1159 1372 Socrates,
1183 1339 1290 1376 quem
1311 1325 1418 1364 Plato
1437 1326 1474 1363 in
1496 1326 1637 1376 Gorgia

272 1397 512 1436 disserentem
541 1396 707 1441 inducit,
738 1394 952 1433 adversariis
981 1394 1125 1433 stolidis
1156 1394 1364 1445 (sophistas
1387 1408 1467 1432 cum
1490 1394 1637 1433 Socrate

272 1466 508 1516 disputantes
545 1464 644 1515 apud
679 1463 869 1501 Platonem
904 1463 1054 1513 ingenio
1084 1476 1157 1501 non
1188 1462 1393 1501 abundasse
1422 1463 1512 1502 satis
1540 1476 1636 1502 con-

273 1537 362 1585 stat)
393 1533 525 1585 probat
553 1548 574 1571 a
602 1533 742 1571 Pericle
771 1532 912 1583 peiores
942 1533 1057 1570 factos
1087 1545 1165 1570 esse
1195 1532 1304 1570 cives.

327 1602 489 1641 Pericles
517 1602 729 1640 etiamnunc
757 1614 823 1638 nos
851 1600 1095 1650 aliquamtum
1125 1614 1290 1638 amovere
1320 1600 1475 1639 videtur.
1506 1600 1638 1652 Neque

272 1688 291 1712 c
321 1672 546 1723 Thucydidis
576 1685 694 1721 neque
721 1685 740 1709 e
761 1671 951 1709 Plutarchi
971 1671 1095 1717 libris,
1124 1675 1166 1709 ut
1186 1671 1275 1709 alios
1296 1671 1488 1717 omittam,
1518 1671 1635 1709 virum

274 1741 379 1792 plane
413 1740 666 1791 cognovimus
726 1739 796 1777 Ille
832 1739 969 1790 patriae
1004 1739 1199 1777 historiam
1233 1744 1425 1778 externam
1465 1739 1637 1790 scripsit,

273 1824 453 1861 perpauca
493 1809 686 1847 nobiscum
729 1809 1015 1847 communicavit
1055 1809 1098 1846 de
1138 1809 1248 1847 rebus
1291 1822 1383 1859 quae
1430 1809 1566 1848 fiebant
1599 1809 1638 1847 in

273 1878 383 1925 urbe;
416 1878 575 1916 breviter
604 1882 728 1915 tamen
759 1876 822 1915 sed
852 1877 984 1915 eximie
1005 1877 1156 1916 Periclis
1176 1878 1436 1917 auctoritatem
1464 1878 1502 1916 in
1532 1891 1640 1929 repum

273 1949 368 1987 blica
397 1949 551 1998 eiusque
582 1948 762 1985 rationem
791 1947 978 1997 politicam
1000 1947 1187 1998 depinxit,
1209 1948 1263 1986 II.
1288 1949 1335 1985 65
1348 1964 1359 1993 3
1383 1962 1427 1985 ex
1453 1948 1530 1998 ipsa
1556 1961 1639 1985 vero

274 2017 428 2055 historia
447 2015 673 2066 Thucydidis
695 2015 858 2053 iudicare
883 2015 1101 2065 nequimus,
1125 2020 1249 2053 utrum
1271 2029 1354 2053 vera
1373 2016 1422 2053 sit
1442 2015 1641 2066 descriptio

274 2098 404 2131 necne,
434 2084 522 2122 licet
551 2084 625 2121 sint
654 2084 746 2122 aliae
774 2098 902 2122 causae
927 2098 1038 2135 quare
1067 2085 1272 2136 Thucydidi
1291 2085 1402 2122 fidem
1432 2084 1639 2123 habeamus.

275 2153 367 2189 Silet
409 2152 455 2189 de
484 2152 638 2189 Periclis
669 2152 742 2189 vita
780 2153 939 2202 privata.
997 2152 1192 2190 Orationes
1230 2165 1319 2202 quas
1349 2152 1528 2190 Periclem
1558 2165 1638 2202 pro·
1679 2158 1683 2162 '

276 2220 515 2258 nunciantem
546 2219 710 2266 induxit,
741 2221 909 2269 quamvis
941 2222 1053 2259 utiles
1082 2222 1127 2259 ad
1158 2222 1447 2272 cognoscendam
1477 2223 1556 2260 eius
1585 2237 1641 2260 ra·

277 2289 415 2326 tionem
447 2288 732 2326 administrandi
762 2302 836 2326 rem
868 2288 1074 2339 publicam,
1114 2289 1182 2327 viri
1217 2290 1415 2340 perfectam
1445 2290 1640 2341 imaginem

276 2372 351 2396 non
380 2357 569 2409 praebent.
629 2357 819 2409 Temporis
849 2360 1011 2410 spatium
1039 2360 1139 2398 inter
1164 2360 1259 2399 bella
1280 2360 1427 2399 Persica
1447 2365 1485 2399 et
1504 2360 1641 2399 bellum

275 2426 628 2477 Peloponnesiacum
659 2426 756 2465 nube
784 2426 939 2465 obscura
968 2428 1277 2466 circumvolutum
1308 2433 1383 2473 est,
1416 2442 1509 2478 quae
1548 2428 1641 2466 libro

275 2495 393 2546 primo
422 2494 649 2545 Thucydidis
677 2509 751 2534 non
781 2496 890 2547 plane
918 2496 1043 2546 fugata
1072 2501 1141 2535 est.

330 2565 386 2602 De
430 2565 559 2603 ceteris
597 2565 763 2603 fontibus
803 2565 975 2603 historiae
1016 2565 1196 2604 Pericleae
1232 2579 1332 2604 nunc
1369 2566 1470 2604 sileo.
1541 2565 1642 2603 Fieri

276 2639 418 2685 potest.
452 2639 494 2672 ut
521 2633 738 2685 aliquando,
770 2634 941 2673 omnibus
971 2634 1138 2674 fontibus
1166 2635 1376 2681 exhaustis,
1404 2648 1496 2685 quae
1525 2635 1570 2672 ad
1599 2634 1639 2671 il-

277 2704 347 2745 lam
373 2707 530 2741 aetatem
556 2704 786 2753 pertineant,
811 2704 992 2754 rebusque
1013 2705 1205 2754 permultis
1228 2704 1336 2742 hodie
1358 2704 1523 2743 obscuris
1544 2704 1640 2741 clara
