1784 3201
883 246 930 284 12

222 356 366 396 fontem
394 357 507 396 fuisse
536 358 664 396 Ionem
693 371 803 409 quam
833 359 871 397 in
901 359 975 397 vita
1005 358 1157 398 Periclis
1184 360 1228 410 1).
1279 360 1335 399 Ex
1365 373 1470 412 opere
1489 360 1588 411 quod

221 426 440 464 inscribitur
469 425 704 477 Ἐπιδημίαι
736 427 897 465 hausisse
924 427 1089 474 videtur,
1120 441 1193 478 quo
1223 429 1260 466 in
1290 428 1383 467 libro
1413 429 1482 468 Ion
1505 443 1588 468 nar—

222 509 320 533 rasse
349 495 482 533 dicitur
508 508 564 532 res
593 494 868 541 memorabiles,
900 508 989 544 quas
1018 496 1096 546 ipse
1130 497 1167 534 in
1205 497 1402 535 itineribus
1433 498 1585 537 viderat.

221 563 264 602 C.
295 563 339 602 V.
377 566 413 603 2.
444 563 512 602 Ion
543 563 679 601 dixisse
711 568 881 601 narratur
911 564 1094 603 Periclem
1126 565 1163 603 in
1190 565 1268 603 vita
1288 566 1503 617 quotidiana
1524 581 1586 606 su-

221 633 373 683 perbum
403 632 515 670 fuisse
544 636 581 669 et
610 631 700 669 alios
724 632 979 679 contemsisse,
1007 633 1171 671 Cimonis
1198 639 1324 673 contra
1353 635 1465 673 fuisse
1495 635 1584 674 hila-

222 716 297 740 rem
327 701 549 751 elegantiam
578 701 711 750 cuique
744 705 902 751 gratam.

277 772 371 809 Inde
401 770 552 808 coniicit
577 770 683 808 Doct.
717 770 842 809 Ekker
874 771 987 820 (Plut.
1018 770 1161 809 Cimon.
1191 785 1225 821 p.
1253 773 1333 822 16),
1367 771 1586 818 ''verisimil-

221 840 352 878 limum
381 839 590 877 habendum
617 852 692 876 esse
717 839 828 876 etiam
849 839 954 877 Ionis
978 839 1022 876 de
1048 839 1220 886 Cimone,
1247 841 1284 878 in
1303 853 1410 890 quem
1433 840 1587 878 fortasse

222 909 349 959 paullo
391 907 668 945 benevolentior
705 907 819 945 fuerit
861 908 983 957 (quam
1013 908 1052 945 in
1083 908 1275 958 Periclem)
1309 908 1586 947 narrationibus

221 991 294 1014 non
328 977 485 1015 nimium
515 977 755 1015 Plutarchum
784 977 960 1015 tribuisse
994 991 1062 1016 nec
1105 982 1243 1017 temere
1286 978 1350 1016 sed
1380 978 1586 1029 prudenter

223 1051 261 1085 et
290 1060 372 1084 cum
402 1046 529 1084 iudicii
563 1047 729 1084 acumine
758 1060 862 1084 nsum
893 1047 1047 1085 fuisse.’'

277 1114 381 1162 Quae
419 1115 606 1153 sententia
642 1115 834 1165 displicuit
873 1115 981 1153 Doct.
1018 1115 1161 1159 Ruehl,
1211 1115 1350 1153 dicenti
1395 1115 1583 1153 Plutarchi

222 1183 398 1222 iudicium
430 1185 538 1222 modo
568 1184 692 1222 referri
722 1184 767 1222 ad
801 1198 843 1222 ea
879 1197 973 1234 quae
1002 1184 1071 1221 Ion
1105 1185 1150 1222 de
1178 1184 1441 1222 consuetudine
1463 1186 1585 1235 quoti-

224 1252 334 1290 diana
362 1252 516 1290 Periclis
541 1252 658 1298 dixit,
695 1265 768 1289 non
799 1265 884 1290 vero
913 1252 960 1290 ad
988 1252 1084 1290 facta
1113 1253 1202 1291 haec
1231 1253 1424 1303 pertinere.

277 1321 414 1359 Verum
445 1321 556 1359 etiam
599 1321 671 1359 alio
704 1321 784 1359 loco
818 1335 846 1360 c.
882 1324 930 1360 28
968 1325 999 1361 1.
1030 1322 1114 1360 Ioni
1144 1321 1360 1372 obloquitur
1390 1330 1425 1360 et
1456 1322 1587 1360 saltem

222 1391 262 1428 in
302 1391 378 1428 vita
412 1390 561 1428 Periclis
590 1404 632 1427 eo
657 1391 860 1441 prudenter
884 1404 971 1428 usus
998 1404 1075 1428 esse
1107 1390 1196 1429 mihi
1226 1390 1374 1428 videtur
1384 1407 1395 1436 3
1426 1395 1586 1438 ceterum

222 1473 266 1496 ex
287 1460 333 1497 iis
353 1473 444 1509 quae
464 1459 686 1497 Plutarchus
708 1459 752 1497 de
773 1460 866 1497 Ione
886 1460 977 1497 citat
1003 1460 1094 1497 nihil
1115 1460 1215 1497 aliud
1234 1460 1374 1497 efficere
1393 1473 1587 1510 possumus

222 1542 333 1578 quam
359 1529 446 1567 hoc:
478 1528 604 1566 Ionem
634 1528 807 1567 omnibus
836 1529 874 1566 in
897 1528 1015 1576 *rebus
1046 1528 1224 1567 Periclem
1254 1542 1329 1566 non
1349 1528 1518 1566 laudasse
1540 1528 1586 1578 2).

281 1597 375 1635 Aliis
411 1598 502 1635 locis
535 1597 638 1635 Ionis
669 1611 794 1635 versus
823 1598 916 1635 citat
944 1598 1064 1647 iisque
1090 1598 1301 1654 delectatus
1317 1610 1395 1635 esse
1429 1596 1586 1635 videtur.

278 1666 559 1706 Stesimbrotus
594 1666 774 1705 Tha-sius.

277 1735 321 1773 In
363 1736 447 1773 vitis
480 1736 757 1780 Themistoclis,
790 1735 956 1773 Cimonis
985 1739 1021 1772 et-
1050 1735 1223 1781 Periclis,
1249 1735 1473 1773 Plutarchus
1499 1748 1588 1772 usus

221 1808 278 1841 est
305 1804 400 1841 libro
428 1804 491 1855 qui
517 1804 752 1842 inscribitur:
785 1808 871 1855 περὶ
901 1805 1210 1854 Θεμιστοκλέους
1242 1808 1307 1843 καὶ
1339 1805 1587 1845 Θουκυδίδου

222 1877 287 1912 καὶ
318 1874 582 1923 Περικλέους,
613 1873 677 1922 qui
706 1873 801 1911 liber
829 1887 849 1910 a
875 1872 1120 1910 Stesimbroto
1149 1873 1307 1922 scriptus
1332 1886 1409 1910 esse
1436 1872 1587 1910 dicitur.

275 1941 405 1991 Nuper
435 1942 502 1980 viri
532 1942 674 1992 aliquot
703 1941 803 1980 docti
827 1942 859 1991 3)
891 1941 1015 1979 conati
1044 1945 1132 1979 sunt
1159 1941 1312 1991 probare
1337 1941 1436 1979 hunc
1453 1941 1587 1979 librum

220 2023 293 2047 non
318 2011 495 2061 scriptum
522 2025 598 2048 esse
630 2025 651 2048 a
679 2011 922 2049 Stesimbroto
955 2011 1019 2049 sed
1052 2025 1072 2049 a
1100 2011 1265 2061 sophista
1295 2011 1452 2062 quodam
1478 2010 1586 2061 primi

221 2079 354 2117 saeculi
384 2084 469 2131 post
493 2080 699 2120 Christum.

274 2149 538 2186 Stesimbrotus
564 2163 687 2187 eorum
716 2150 833 2187 fuisse
868 2150 984 2187 fertur
1010 2150 1073 2200 qui
1110 2149 1346 2187 nominantur
1376 2151 1583 2190 ἐπαινέται

220 2218 403 2267 Ὁμήρου.
432 2217 556 2255 Natus
582 2222 639 2256 est
667 2218 705 2256 in
735 2218 859 2256 insula
877 2217 1013 2264 Thaso,
1043 2217 1107 2256 ubi
1130 2217 1250 2255 medio
1275 2222 1311 2256 et
1333 2221 1490 2256 exeunte
1509 2217 1584 2255 fere

221 2286 365 2324 saeculo
395 2286 526 2335 quinto
556 2300 588 2324 a.
619 2286 661 2325 C.
690 2287 812 2324 studia
843 2287 1039 2324 Homerica
1067 2287 1267 2324 laetissime
1295 2287 1511 2324 floruerunt.

261 2445 289 2479 1)
313 2444 375 2473 Nisi
397 2444 588 2473 aedificiorum
609 2445 825 2482 descriptionem
848 2444 942 2473 hausit
963 2453 995 2471 ex
1018 2444 1104 2478 Ione,
1129 2443 1201 2480 quod
1224 2453 1280 2471 non
1303 2444 1372 2471 satis
1393 2445 1514 2472 constat.

260 2501 288 2536 2)
313 2501 442 2529 Amicum
465 2500 605 2534 Cimonis,
631 2504 740 2537 poetam
765 2501 822 2528 vini
845 2502 873 2527 et
895 2499 998 2527 amoris
1021 2500 1162 2526 amantem
1176 2520 1184 2532 ,
1209 2497 1329 2533 Pericli,
1352 2498 1470 2526 fautoris
1484 2497 1584 2526 adver-

218 2556 306 2591 sario,
330 2558 393 2585 viro
414 2557 604 2595 σεμνοτάτῳ
630 2565 684 2584 non
707 2555 906 2584 amicissimum
930 2554 1012 2582 ruisse
1036 2562 1091 2581 non
1114 2553 1259 2583 miramur.

260 2611 289 2646 3)
314 2614 481 2650 Anonymns
495 2613 607 2650 quidum
622 2613 649 2640 in
673 2611 811 2644 Zarncke,
836 2610 1045 2642 Ceutralblatt,
1071 2609 1148 2637 1860
1172 2618 1196 2645 p.
1214 2609 1288 2643 620,
1304 2609 1347 2636 cni
1371 2609 1535 2642 assentitur,
1551 2610 1584 2636 A.

219 2665 365 2701 Schaekr,
388 2667 490 2696 Jahn’s
515 2667 614 2695 Jahrb.
641 2667 672 2695 B.
689 2666 725 2694 91
738 2689 745 2701 ‚
769 2676 795 2703 p.
812 2666 888 2700 630,
910 2666 1058 2702 praecipue
1074 2665 1104 2693 1⁴¹.
1122 2664 1227 2699 Ruehl,
1241 2664 1285 2692 die
1300 2663 1417 2702 Quellen
1437 2663 1585 2692 Plutarchs

223 2721 259 2751 im
284 2721 373 2751 Leben
396 2723 444 2752 des
467 2724 586 2759 Rimon,
611 2722 703 2756 1867,
725 2731 752 2759 p.
775 2722 810 2752 37
834 2731 895 2759 sqq.
