1772 3188
779 218 826 256 21

120 337 279 377 δάκνειν
310 337 381 384 τὴν
411 334 589 385 Εὕβοίαν
620 335 686 372 καὶ
717 338 803 380 ταῖς
840 338 968 383 νήσοις
997 335 1218 386 ἐπιπηδᾷν.
1277 336 1405 384 Qualis
1435 339 1484 378 sit

119 402 301 442 sententia
344 401 536 439 verborum
576 400 668 438 satis
707 401 938 451 perspicuum
973 406 1048 448 est,
1080 403 1178 440 irriti
1216 417 1301 442 vero
1330 410 1482 444 conatus

120 476 207 512 sunt
236 469 454 510 restituendi
486 483 619 509 versus.
679 469 788 508 Unde
817 470 928 509 sumti
958 471 1053 518 sint,
1084 485 1156 511 non
1189 478 1343 512 constat.
1393 474 1482 513 Plu-

121 540 268 579 tarchus
297 540 396 589 ipsos
426 552 551 577 versus
581 552 654 576 uon
684 539 796 584 citat,
836 539 900 576 sed
930 540 1107 578 nonnulla
1136 541 1291 590 elegisse
1321 542 1479 581 videtur.

173 609 332 648 Comicis
362 609 525 659 turpiora
553 608 787 647 narrantibus
807 607 1030 647 Plutarchus
1051 623 1199 660 parvam
1220 610 1329 649 fidem
1350 611 1480 657 habet,

119 683 160 716 ut
188 679 276 733 satis
305 678 465 715 declarat
493 678 517 714 l.
545 678 571 715 l.
631 677 753 726 Vulgo
781 677 828 714 iis
858 677 978 715 utitur
1005 678 1051 715 ad
1079 678 1319 717 illustrandas
1347 693 1406 717 res
1435 681 1479 718 de

117 746 250 800 quibus
277 746 374 797 agit,
403 745 612 792 interdum,
633 745 731 796 quod
751 745 991 796 periculosius
1010 751 1087 793 est,
1109 746 1154 785 ad
1176 760 1236 785 eas
1255 747 1476 799 probandas

116 817 227 855 Certa
255 815 349 854 ratio
373 815 629 853 considerandi
658 828 721 861 ea,
751 828 843 865 quae
872 815 1101 853 tradiderunt
1129 816 1205 863 illi,
1227 817 1260 854 ei
1281 830 1356 855 non
1376 823 1476 864 erat,

117 897 235 935 neque
277 883 365 922 satis
412 888 579 922 accurate
619 883 853 934 inquirebat,
901 897 995 934 quae
1039 884 1101 921 alii
1136 885 1349 935 scriptores,
1394 886 1476 925 Ste—

116 954 388 1002 simbrotus(‘?),
421 953 664 998 Idomeneus,
694 953 758 990 alii
786 957 824 990 et
852 953 928 1001 ipse
951 953 1120 1001 Ephorus
1144 966 1188 990 ex
1207 954 1252 990 iis
1273 954 1475 993 hauserint.

117 1022 347 1060 Comicorum
387 1021 485 1059 dicta
512 1021 557 1059 ab
590 1034 715 1059 eorum
745 1033 843 1058 nexu
873 1033 947 1058 non
978 1020 1185 1058 divellenda
1215 1026 1314 1059 sunt.

169 1090 384 1128 Ceterorum
405 1094 616 1139 poetarum,
638 1102 792 1138 quorum
812 1089 935 1138 plures
950 1088 1043 1138 legit
1057 1088 1299 1135 Plutarchus,
1321 1089 1450 1127 Ionem
1464 1122 1473 1135 ‚

116 1159 219 1197 cuius
242 1171 385 1196 versum
406 1157 550 1196 nullum
573 1156 725 1203 attulit,
747 1156 839 1194 citat
854 1155 1043 1194 Timonem
1064 1155 1289 1203 Phliasium,
1311 1157 1475 1207 sillogra-

115 1228 250 1279 phum,
281 1227 344 1277 qui
372 1226 537 1264 floruisse
567 1225 701 1264 dicitur
729 1239 758 1263 c.
788 1239 822 1263 a.
857 1226 933 1262 270
965 1239 997 1262 a.
1019 1224 1058 1263 C.
1090 1229 1127 1262 et
1156 1225 1285 1263 fecisse
1315 1227 1474 1265 carmina

115 1295 248 1347 quibus
276 1295 360 1333 risit
387 1294 643 1345 philosophos,
672 1294 804 1343 lingua
828 1292 1027 1331 Homerica
1047 1306 1146 1332 usuS.
1177 1293 1380 1342 Vemiculi,
1410 1295 1475 1344 qui

113 1376 191 1413 cap.
221 1363 277 1401 IV
307 1366 344 1401 3.
381 1364 575 1412 leguntur,
615 1363 803 1413 pertinent
845 1362 890 1398 ad
933 1361 1118 1400 Zenonem
1147 1361 1326 1408 Eleaten‚
1365 1375 1474 1411 quem

112 1430 255 1469 audivit
282 1430 461 1469 Pericles:

220 1500 592 1551 ἀμφοτερογλώσσου
622 1516 661 1539 τε
689 1501 789 1549 μέγα
819 1502 960 1545 σθένος
989 1500 1057 1538 οὐκ
1087 1500 1323 1540 ἀλαπαδνὸν

218 1573 401 1619 Ζήνωνος
431 1574 591 1609 πάντων
623 1569 896 1619 ἐπιλήπτορος-

166 1638 208 1677 C.
243 1636 420 1675 XXVIII
450 1638 494 1683 3,
531 1636 690 1674 Pericles
729 1648 836 1673 versu
875 1636 944 1673 hoc
980 1635 1192 1674 Archilochi
1239 1636 1472 1687 respondisse

112 1711 281 1745 narratur
310 1705 502 1756 Elpinicae
530 1704 695 1743 Cimonis
724 1704 856 1743 sorori:

382 1776 450 1815 οὐκ
479 1779 531 1815 ἄν
560 1778 713 1826 μόροισι
743 1779 861 1824 γραῦς
891 1774 992 1812 ἐοῦσ’
1022 1773 1179 1822 ἠλείφεο

109 1843 206 1892 quod
236 1843 430 1892 suppletur
458 1856 479 1879 a
508 1842 701 1880 Schaefero
731 1846 764 1881 εἷ
790 1846 840 1891 μὴ
871 1846 1024 1892 φρενῶν
1053 1842 1293 1891 α’πεσφάλης.
1334 1841 1472 1879 Versus

108 1910 218 1948 etiam
246 1909 340 1957 XV,
370 1911 446 1947 688
477 1913 597 1948 exstat
624 1909 721 1960 apud
751 1909 992 1948 Athenaeum.

165 1978 302 2016 Eorum
341 1978 404 2029 qui
434 1982 517 2028 post
546 1978 725 2016 Periclem
754 1978 959 2016 floruerunt
986 1984 1128 2029 praeter
1155 1977 1368 2024 Timonem,
1398 1979 1472 2028 pri—

112 2060 211 2084 mum
241 2059 483 2085 memoramus
512 2046 719 2096 Ephorum,
738 2060 812 2096 quo
842 2047 1053 2097 saepissime
1081 2060 1187 2085 usum
1217 2060 1296 2085 esse
1324 2047 1472 2085 Plutar-

109 2114 218 2152 chum
247 2114 317 2152 hac
344 2114 384 2151 in
413 2114 488 2152 vita
517 2115 751 2165 suspicantur
780 2115 849 2153 viri
870 2115 971 2153 docti
995 2115 1043 2167 l).
1102 2116 1156 2153 Ea
1184 2118 1304 2163 enim,
1330 2129 1422 2166 quae
1450 2130 1471 2154 a

106 2182 306 2221 Plutarcho
341 2187 553 2222 tractantur
590 2196 758 2234 quaeque
796 2198 871 2222 non
908 2189 1029 2223 sumta
1059 2188 1148 2223 sunt
1177 2197 1222 2221 ex
1250 2184 1468 2235 scriptorum

104 2252 277 2302 operibus
305 2252 369 2302 qui
398 2257 619 2303 supersunt,
649 2266 694 2291 ex
721 2253 866 2304 Ephoro
894 2257 1014 2291 sumta
1033 2266 1111 2291 esse
1131 2257 1303 2291 statuunt
1323 2257 1468 2304 praeter

105 2333 159 2367 ea,
194 2325 236 2358 ut
261 2326 395 2371 sponte
423 2326 600 2371 apparet,
627 2335 717 2371 quae
745 2321 883 2359 Noster
911 2322 1132 2359 nominatim
1161 2335 1206 2358 ex
1236 2334 1279 2358 eo
1301 2321 1469 2359 hausisse

106 2388 291 2435 ostendit,
321 2393 363 2427 ut
392 2403 423 2428 c.
452 2391 500 2428 27
532 2403 646 2440 agens
675 2390 720 2427 de
749 2389 845 2428 bello
874 2390 1001 2427 samio.
1063 2389 1263 2427 Muellerus
1302 2388 1382 2426 iure
1422 2388 1468 2426 de

105 2456 313 2508 fragmento
350 2457 488 2508 Ephori
527 2459 621 2507 (119
652 2458 761 2497 Diod.
791 2458 872 2495 XII
901 2458 1100 2507 39—41)‚
1140 2457 1253 2503 dicit,
1298 2470 1340 2494 ea
1369 2469 1465 2506 quae

144 2626 170 2661 1)
198 2626 237 2653 De
260 2626 373 2662 Ephoro
395 2627 430 2655 cs.
454 2626 561 2654 Arnold
582 2625 723 2653 Schaefer.
747 2622 866 2658 „Abx-iss
887 2623 936 2652 der
952 2622 1167 2660 Quellenkunde
1194 2621 1243 2649 der
1269 2621 1467 2649 Griechischen

103 2679 268 2709 Geschichte
291 2680 332 2709 bis
354 2680 405 2708 auf
424 2680 564 2717 Polybios.
592 2680 666 2711 1867
677 2680 707 2714 ,''
731 2689 757 2717 p.
780 2679 817 2707 46
843 2688 885 2716 sq.

1284 2735 1306 2771 2
