1784 3201
923 217 969 256 18

476 332 744 385 κάγχειριδίου
773 330 810 371 δ’
838 334 960 385 οἰκόνῃ
995 333 1143 384 σκληρᾷ

474 403 812 454 παραθηγομένης
848 406 1004 456 βρύχεις
1036 405 1216 450 κοπίδος,

475 473 637 522 δηχθεὶς
671 472 822 510 αἴθωνι
858 472 1026 512 Κλέωνι.

258 540 455 579 admodum
498 538 643 577 obscuri
689 543 788 578 sunt.
849 539 1059 590 Satyrorum
1091 551 1154 577 rex
1184 538 1322 577 dicitur
1349 552 1371 577 a
1400 543 1530 590 poeta,
1561 542 1627 578 As-

259 610 381 660 pasiae
413 611 623 647 accusatore
664 607 838 656 (XXXII
865 609 938 658 1.)‚
965 612 1136 658 spectans
1166 607 1213 645 ad
1242 606 1431 646 lasciviam
1461 607 1626 648 Periclis.

259 678 397 716 Nullus
426 690 511 716 vero
539 676 645 715 Teles
674 682 786 714 notus
814 681 892 724 est;
922 676 1054 715 Suidas
1080 689 1214 715 nomen
1235 676 1426 715 cuiusdam
1447 677 1628 730 (Τελέας)

260 749 351 785 citat
390 762 410 784 a
447 747 594 784 comicis
622 750 688 786 ἐπὶ
720 748 847 797 δειλίᾳ
876 747 961 785 lusi.
1019 747 1152 796 Neque
1181 751 1328 784 constat
1356 746 1446 796 quid
1471 746 1542 784 sibi
1571 760 1630 784 ve-

259 817 333 855 lint
370 815 479 854 verba
508 818 623 869 κοίγχ.
665 838 710 844 -
741 817 912 857 Κλέωνι.
970 815 1164 854 Creditum
1195 820 1277 863 est,
1308 815 1487 854 Cleonem
1520 815 1630 854 vehe—

260 890 401 924 menter
429 885 618 923 invectum
646 898 722 923 esse
750 885 791 923 in
818 885 1017 931 Periclem,
1049 885 1147 935 quod
1176 885 1382 924 includeret
1400 885 1509 923 cives.
1540 884 1630 923 Plu-

260 954 378 993 tarchi
411 967 487 992 non
517 958 574 991 est
602 953 782 1004 explicare
811 953 1033 1004 fragmenta,
1064 967 1159 1004 quae
1189 954 1301 1000 citat,
1333 953 1555 992 comicorum
1582 954 1627 1004 ἱ).

316 1023 545 1073 Hermippus
575 1022 622 1060 ab
652 1022 782 1060 iisdem
815 1022 979 1072 partibus
1009 1023 1156 1061 stetisse
1179 1022 1315 1061 dicitur
1344 1027 1455 1072 atque
1487 1024 1631 1062 Aristo-

263 1091 425 1141 phanes;
450 1091 587 1128 arctius
612 1095 733 1128 tamen
764 1104 801 1128 se
829 1091 993 1128 iunxisse
1020 1091 1163 1130 videtur
1183 1091 1336 1129 factioni
1360 1091 1631 1130 aristocraticae

264 1164 301 1197 et
331 1159 464 1197 Pericli
492 1159 604 1197 fuisse
633 1159 923 1198 inimicissimus.

320 1226 505 1267 Platonis
529 1227 661 1265 comici
692 1240 818 1265 versus
847 1240 925 1277 cap.
956 1226 1025 1265 IV.
1060 1230 1097 1265 2.
1131 1228 1236 1266 citati
1261 1227 1447 1279 perspicui
1477 1232 1575 1267 sunt.

428 1304 586 1348 πρῶτον
621 1300 693 1346 μὲν
727 1295 796 1337 οὖν
825 1313 890 1346 μοι
922 1297 1053 1344 λέξον,
1085 1299 1298 1349 ἀντιβολῶ·
1329 1303 1372 1337 σύ
1404 1300 1492 1348 γὰρ,

427 1368 479 1411 ὥς
505 1381 640 1416 φασιν,
674 1368 695 1404 ό
723 1368 879 1417 Χείρων
911 1367 1134 1418 ἐξεθρέψας
1162 1367 1377 1417 Περικλέα.

320 1436 483 1482 Damon,
511 1434 665 1473 Periclis
692 1435 889 1485 magister,
910 1439 1144 1486 comparatur
1164 1449 1247 1474 cum
1267 1434 1446 1483 Chirone,
1476 1435 1633 1474 Achillis

265 1508 512 1556 praeceptore.
572 1504 695 1542 Sumti
729 1517 807 1542 esse
838 1503 1016 1543 dicuntur
1044 1518 1089 1543 ex
1119 1504 1265 1551 fabula,
1297 1519 1388 1556 quae
1414 1505 1632 1544 inscribitur

265 1577 477 1622 Σοφισταί.

320 1643 374 1681 Ex
418 1641 633 1694 Eupolidis
675 1641 824 1688 Demis,
863 1640 987 1680 fabula
1024 1640 1279 1688 celeberrima,
1311 1654 1382 1692 qua
1410 1641 1632 1694 demagogos

266 1713 517 1763 populumque
547 1712 600 1749 eis
630 1711 890 1762 obsequentem
920 1711 1032 1757 lusit,
1063 1711 1225 1749 citantur
1252 1724 1383 1761 pauca.

318 1779 409 1830 Cap.
440 1779 504 1817 III
530 1782 567 1818 2.
593 1782 627 1826 ὃ,
655 1796 693 1818 τι
715 1796 785 1831 περ
810 1780 1025 1829 κεφάλαιον
1052 1784 1132 1821 τῶν
1156 1785 1337 1820 natm-‘rev
1357 1785 1512 1831 ἤγαγες,
1533 1780 1633 1831 quod

266 1849 312 1887 ad
341 1853 451 1898 caput
479 1848 633 1887 Periclis
663 1848 831 1887 refertur.

322 1924 360 1956 et
389 1931 467 1968 cap.
497 1918 630 1956 XXIV
655 1919 692 1956 4.
715 1918 875 1956 Pericles
906 1940 958 1945 ——
986 1921 1008 1956 ὁ
1037 1922 1156 1962 νόθος
1187 1919 1234 1957 δέ
1258 1934 1323 1968 μοι
1354 1920 1401 1969 ζῇ
1411 1934 1421 1964 3

321 1987 533 2040 Myronides
561 2010 615 2018 -·
643 1992 709 2029 καὶ
740 1989 864 2029 πάλαι
898 1989 934 2037 γ’
966 1992 1018 2028 ἄν
1048 1986 1095 2038 ἦν
1128 1990 1246 2039 α’νήρ,

486 2062 519 2096 εἰ
550 2061 599 2107 μὴ
629 2061 671 2096 τό
702 2065 768 2106 τῆς
798 2061 942 2108 πόρνης
976 2057 1202 2107 ὑπωρρώδει
1236 2060 1373 2097 κακόν.

323 2124 472 2176 Spectat
505 2124 575 2163 hoc
608 2124 655 2163 ad
683 2123 803 2162 filium
845 2118 996 2162 Periclis
1026 2128 1063 2162 et
1091 2124 1290 2175 Aspasiae,
1327 2124 1385 2163 cui
1421 2124 1534 2176 patris
1568 2138 1634 2163 no-

314 2307 342 2343 1)
366 2305 483 2335 Curtius
515 2305 556 2335 II.
581 2305 656 2340 324,
678 2305 729 2334 hos
751 2314 847 2335 versus
870 2305 919 2333 tali
941 2304 1024 2333 modo
1046 2304 1130 2333 citat:
1155 2305 1200 2333 Du
1222 2305 1418 2343 Satyrnfiirst‚
1440 2316 1470 2336 so
1493 2307 1576 2336 willst
1597 2306 1635 2336 du

271 2364 345 2392 deun
375 2363 420 2392 nie
442 2362 585 2391 ausheben
615 2362 668 2391 den
698 2362 800 2399 Speer,
832 2361 876 2389 Du
901 2363 1068 2389 vermassest
1089 2360 1159 2389 doch
1182 2365 1260 2390 sonat
1282 2361 1335 2390 mit
1356 2362 1532 2400 gewaltigem
1554 2362 1638 2391 Wort

271 2419 334 2449 dich
368 2420 410 2448 als
445 2418 705 2456 kriegsfeldherrn,
738 2417 829 2446 wohin
853 2417 889 2446 ist
911 2416 960 2445 das
984 2417 1060 2445 Herz
1081 2416 1126 2446 dir
1146 2418 1310 2455 gesunken?
1335 2418 1380 2447 Du
1402 2418 1561 2448 knirschest
1584 2428 1634 2447 vor

274 2477 359 2506 Wuth
373 2499 381 2512 ,
415 2486 495 2505 wenn
528 2476 605 2504 einer
626 2485 671 2504 am
694 2475 775 2504 Stein
802 2474 861 2503 sein
885 2475 993 2503 Messer
1014 2474 1073 2503 sich
1096 2473 1232 2509 schal-ste,
1255 2474 1308 2503 seit
1330 2475 1438 2512 Kleon,
1459 2475 1509 2505 der
1531 2475 1638 2509 wilde,

271 2533 334 2562 dich
357 2532 482 2562 zauste.”
506 2532 558 2561 Est
580 2532 672 2561 versio
694 2540 749 2568 qun
769 2534 865 2560 tamen
890 2540 945 2559 non
968 2531 1145 2568 explicantur
1168 2540 1276 2561 versus.
1298 2530 1342 2559 II.
1365 2540 1392 2569 p.
1409 2530 1481 2566 313,
1508 2531 1576 2560 haec
1597 2530 1639 2559 di-

270 2590 324 2620 cit:
358 2589 472 2618 „Eineu
505 2588 627 2619 Fiirsten
660 2588 710 2616 der
741 2587 846 2624 Satyrn
870 2590 976 2615 naunte
999 2586 1171 2623 Hermippos
1192 2585 1246 2615 den
1268 2586 1397 2617 Perikles
1419 2590 1479 2616 met
1502 2586 1638 2615 Hinblick

272 2645 322 2673 auf
339 2644 385 2673 die
405 2643 592 2680 unwiirdigen
615 2642 673 2671 und
691 2641 940 2678 unselbstiindigen
965 2641 1119 2670 Mensehen
1143 2641 1246 2670 welche
1267 2641 1317 2670 ihn
1339 2641 1512 2679 nmgaben.''

313 2700 356 2729 Cf.
379 2699 503 2729 Sintenis
524 2699 557 2727 ad
582 2699 655 2727 hunc
678 2699 778 2726 locum.
