1772 3188
817 250 865 290 13

213 363 426 404 Antimachi
466 364 686 416 Colophonii
726 368 939 416 praeceptor
980 364 1095 402 fuisse
1138 363 1296 402 traditur
1336 364 1371 411 (a
1406 362 1523 402 Suida

159 448 192 472 v.
222 436 486 486 Αντίμαχος).
530 434 813 472 Stesimbrotum
834 447 1029 485 supparem
1049 433 1217 472 Cimonis
1245 432 1407 483 appellat
1432 431 1521 470 Plu-

157 501 325 547 iambus,
354 501 450 539 Cim.
481 501 556 547 IV,
575 501 727 539 Periclis
750 502 952 551 aequalem.

212 568 286 608 Diu
332 568 488 607 Athenis
527 573 689 607 moratus
717 583 796 608 esse
824 569 952 608 fertur.
1009 569 1170 608 Exstant
1198 569 1407 619 fragmenta
1438 566 1521 606 eius

157 638 244 676 libri
272 642 358 689 περὶ
388 639 569 679 τελετῶν.
629 638 764 677 Utrum
792 639 897 689 plura
926 639 970 677 de
999 639 1161 678 Homero
1191 637 1444 688 composuerit
1473 650 1518 674 an

158 720 275 746 unum
316 720 388 745 non
428 707 545 757 liquet
556 722 566 753 ς
607 707 740 746 titulus
769 713 933 747 servatus
965 713 1021 746 est
1050 709 1186 747 nullus.
1246 707 1373 745 Unum
1403 706 1520 756 scrip-

158 775 246 814 sisse
290 789 372 813 eum
415 789 504 826 opus
535 776 761 826 titulumque
788 776 919 823 fuisse,
951 781 1047 828 Περὶ
1078 779 1271 829 Ὁμήρου,
1308 775 1521 826 suspicatus

158 848 216 882 est
244 843 410 882 Mueller.
469 844 619 883 Praeter
646 845 766 883 locum
806 846 903 883 vitae
934 845 1043 884 Hom.
1075 848 1117 891 6,
1149 859 1222 896 quo
1253 845 1436 882 Homerus
1465 856 1522 881 se-

159 911 318 950 cundum
358 912 642 951 Stesimbrotum
678 915 899 964 Smyrnaeus
938 914 1051 952 fuisse
1080 914 1237 959 dicitur,
1268 914 1340 950 tria
1372 916 1517 950 servata

159 985 247 1019 sunt
278 982 481 1031 spectantia
508 981 555 1019 ad
583 981 710 1019 Iliadis
737 982 835 1020 locos
863 989 904 1022 A
932 983 1027 1030 636,
1059 986 1091 1022 Θ
1127 982 1220 1028 193,
1244 986 1280 1021 Φ
1304 981 1367 1018 76.
1388 980 1519 1029 Longe

159 1049 305 1087 maioris
330 1050 509 1088 momenti
538 1054 626 1088 sunt
656 1050 728 1088 duo
756 1051 819 1088 alii
850 1051 941 1097 loci,
971 1051 1067 1088 alter
1094 1050 1371 1100 Xenophontis,
1399 1049 1516 1086 Conv.

161 1119 197 1157 3.
238 1120 282 1164 6,
312 1118 479 1157 Platonis
516 1119 612 1157 alter
639 1118 680 1156 in
708 1118 820 1166 Ione,
850 1118 939 1169 Gap.
971 1123 1006 1158 2.
1063 1119 1232 1168 Utroque
1262 1118 1340 1156 loco
1370 1117 1521 1155 Stesim-

160 1185 288 1223 brotus
316 1186 355 1223 in
385 1186 513 1236 primis
542 1186 695 1224 Homeri
722 1186 985 1236 interpretibus
1013 1187 1124 1225 fuisse
1147 1187 1305 1224 traditus
1333 1191 1389 1225 est
1414 1188 1462 1236 1).

214 1254 478 1292 Stesimbrotus
507 1268 594 1305 ergo
622 1254 693 1292 fuit
721 1255 778 1293 vir
807 1255 936 1293 doctus
964 1269 1095 1293 vacans
1127 1255 1406 1305 interpretando
1441 1255 1520 1292 Ho-

160 1336 298 1360 merum
328 1328 367 1361 et
396 1323 459 1374 qui
490 1324 534 1362 de
557 1324 635 1362 eius
664 1324 796 1362 studiis
825 1324 918 1363 bene
941 1324 1093 1363 meritus
1114 1328 1177 1363 est.
1209 1325 1264 1362 De
1285 1325 1363 1363 eius
1384 1324 1518 1362 studiis

159 1391 367 1430 Homericis
410 1400 525 1442 agunt
563 1392 669 1431 Plato
703 1398 741 1431 et
769 1393 999 1444 Xenophon,
1039 1394 1084 1430 de
1113 1393 1177 1431 illo
1206 1393 1278 1430 alio
1307 1406 1413 1442 opere
1443 1393 1517 1430 his-

159 1460 274 1498 torico
303 1474 349 1498 ne
381 1460 532 1499 verbum
562 1462 711 1511 quidem
741 1462 856 1500 edunt
866 1477 877 1508 ;
907 1462 1016 1512 longe
1046 1475 1133 1500 sane
1162 1462 1303 1499 diversa
1337 1466 1393 1499 est
1413 1462 1518 1499 docta

160 1529 314 1567 Homeri
345 1529 600 1581 interpretatio
629 1535 665 1569 et
693 1531 859 1576 libellus,
891 1531 954 1581 qui
983 1531 1170 1569 confectus
1200 1544 1277 1569 esse
1307 1530 1452 1568 videtur
1471 1530 1516 1567 ad

158 1599 339 1636 clarorum
369 1598 527 1636 virorum
557 1599 712 1649 gloriam
741 1599 1070 1637 comminuendam.

212 1667 361 1705 Praeter
402 1668 658 1713 Athenaeum,
696 1668 800 1706 XIII
838 1683 873 1719 p.
921 1670 1022 1714 589,
1068 1672 1105 1706 et
1148 1668 1387 1705 Plutarchum
1434 1680 1516 1704 eum

158 1736 325 1775 libellum
355 1751 461 1790 nemo
490 1738 606 1783 citat,
636 1750 744 1775 nemo
774 1738 902 1783 novit,
931 1737 1016 1775 licet
1043 1737 1082 1774 in
1113 1751 1155 1774 eo
1185 1733 1381 1774 narrentur
1409 1750 1514 1786 quae·

157 1805 264 1852 dam,
308 1819 400 1856 quae
440 1819 526 1844 sane
564 1820 637 1844 non
676 1807 1012 1856 praetermisissent
1041 1806 1207 1844 historici
1241 1806 1375 1855 aliique
1405 1805 1516 1855 scrip-

157 1878 267 1911 tores.
325 1874 568 1912 Alexandrini
608 1874 751 1924 saepius
791 1874 1024 1912 Stesimbroti
1064 1888 1174 1924 opera
1205 1878 1432 1921 memorant,
1475 1874 1518 1910 de

157 1943 226 1981 hoc
254 1944 360 1993 plane
390 1944 512 1982 silent.
571 1945 620 1982 Et
649 1944 779 1982 Cicero
808 1944 952 1989 libello,
985 1945 1014 1981 si
1044 1945 1273 1991 exstitisset,
1306 1944 1385 1981 sine
1405 1942 1518 1980 dubio

164 2025 250 2049 usus
279 2017 388 2050 esset.
448 2012 654 2062 Supersunt
682 2012 878 2050 duodecim
907 2014 1112 2063 fragmenta
1139 2013 1254 2062 (Plut.
1279 2013 1405 2050 Them.
1428 2026 1456 2050 c.
1481 2014 1518 2050 4.

158 2095 232 2120 non
270 2082 460 2121 invenitur
486 2082 586 2133 apud
615 2082 881 2134 Muellerum),
911 2096 1007 2133 quae
1035 2088 1151 2133 agunt
1181 2082 1225 2121 de
1253 2082 1517 2129 Themistocle,

158 2149 329 2197 Cimone,
359 2151 508 2189 Pericle.
539 2151 746 2189 Verisimile
765 2152 883 2201 igitur
911 2157 967 2190 est
996 2152 1099 2189 illum
1122 2151 1390 2201 Thucydidem,
1415 2151 1519 2188 cuius

157 2232 291 2258 nomen
321 2225 378 2258 est
405 2220 443 2258 in
473 2220 582 2258 titulo
611 2220 753 2271 operiS‚
784 2235 865 2259 esse
894 2222 1069 2259 Melesiae
1094 2221 1223 2260 filium.

211 2287 356 2325 Multus
398 2294 455 2326 est
497 2290 653 2339 scriptor
692 2290 730 2327 in
779 2290 888 2328 rebus
935 2291 1097 2328 venereis
1141 2290 1292 2328 Periclis
1302 2306 1313 2335 ;
1358 2294 1516 2326 ceterum

156 2354 329 2406 pleraque
358 2369 451 2407 quae
480 2357 638 2396 tradidit
665 2357 756 2396 falsa
785 2358 992 2405 continere,
1024 2359 1138 2405 satis,
1168 2359 1207 2396 ni
1235 2358 1359 2404 fallor,
1389 2357 1517 2408 proba-

198 2507 226 2542 1)
250 2507 292 2535 De
314 2516 346 2535 eo
367 2508 401 2536 cf.
425 2508 608 2546 Bernhardy,
632 2508 786 2537 Grundrisz
808 2509 858 2537 der
881 2509 1077 2537 Griechischen
1101 2507 1261 2541 Literatur,
1287 2508 1374 2538 1867.
1396 2508 1425 2542 1,
1441 2508 1517 2541 280,

157 2561 225 2592 327.
268 2563 354 2599 Wolf,
378 2563 449 2600 prol.
471 2574 498 2601 p.
523 2564 569 2594 16.
594 2565 634 2593 M.
658 2565 853 2602 Sengebusch‚
886 2565 959 2594 Diss.
983 2565 1069 2593 Hom.
1092 2574 1118 2602 p.
1145 2564 1183 2593 20
1217 2564 1243 2592 b.
1268 2564 1323 2592 Hic
1344 2563 1430 2597 dicit,
1453 2568 1519 2593 aute

155 2618 215 2646 430
237 2628 262 2647 a.
284 2629 307 2648 c.
330 2629 394 2648 eum
427 2623 568 2649 mortuum
601 2630 654 2648 non
679 2630 737 2648 esse
769 2630 904 2658 apparere
935 2630 966 2649 ex
998 2621 1058 2649 loco
1082 2620 1227 2649 Plutarchi
1250 2629 1264 2648 c
1298 2620 1344 2648 36.
1391 2620 1443 2653 lis,
1470 2620 1517 2656 qni

154 2676 257 2709 putant
281 2675 383 2704 librum
406 2675 439 2704 de
460 2676 557 2705 Them.
580 2682 607 2704 et
621 2677 708 2705 Thuc.
731 2680 759 2705 et
784 2677 846 2706 Per.
861 2678 988 2714 spurium
1012 2687 1085 2711 esse,
1103 2677 1146 2705 hic
1169 2677 1243 2705 locus
1268 2677 1336 2706 nihil
1354 2676 1464 2713 probat.
1478 2693 1516 2698 —

158 2727 271 2764 Heuer,
293 2730 326 2759 de
348 2731 533 2760 Stesimbroio
555 2733 665 2761 Thasio.
