1784 3201
913 226 956 263 10

242 341 411 380 vacillare
448 341 622 391 illamque
659 340 933 380 dubitationem
973 345 1092 380 ortam
1134 354 1214 379 esse
1248 353 1268 378 e
1302 340 1413 379 variis
1446 339 1614 379 fontibus

242 411 343 449 inter
371 424 409 448 se
437 409 731 461 discrepantibus
759 409 894 462 quibus
923 424 1013 449 usus
1042 414 1111 448 est.

296 479 487 518 Plutarchi
523 479 644 517 fontes
681 484 786 517 erant
823 479 976 517 Periclis
1017 479 1207 529 aequales:
1254 477 1505 529 Thucydides,
1541 478 1610 515 Ion

242 548 380 595 Chius,
418 546 706 594 Stesimbrotus,
739 547 960 594 Teleclides‚
999 547 1194 594 Cratinus,
1226 546 1474 599 Hermippus,
1504 546 1611 585 Plato

244 618 427 663 comicus,
458 616 631 666 EupoliS,
664 616 945 666 Aristophanes.
988 616 1128 655 Pericle
1161 616 1399 667 posteriores:
1421 617 1610 667 Ephorus,

248 686 548 737 (Theopompus).
608 684 830 723 Idomeneus
841 711 868 732 ‚-
888 684 1019 731 Duris,
1056 684 1278 730 Aeschines»,
1310 684 1440 731 Plato,
1472 684 1613 722 Aristo-

248 755 360 801 teles,
392 754 608 792 Heraclides
638 754 835 801 Ponticus,
871 754 1169 805 Theophrastus,
1205 754 1404 793 Critolaus.

314 822 584 875 Thucydidem
627 826 775 861 secutus
813 826 868 860 est
904 835 1017 872 agens
1057 822 1101 860 de
1139 821 1235 860 bello
1271 821 1407 861 Samio.
1436 822 1550 861 Thuc.
1580 822 1613 861 I.

255 893 480 930 115—117.
512 891 610 930 Plut.
643 905 671 928 c.
706 892 878 928 25-28.
936 890 1008 929 Sed
1037 904 1111 929 non
1141 892 1249 931 unice
1277 906 1321 931 eo
1351 906 1437 931 usus
1465 896 1533 932 est.

303 960 344 999 C.
375 962 428 998 28
469 960 561 997 dicit
590 962 794 1011 ὠμότητα,
820 964 868 1009 ἣν
899 963 985 998 οὔτε
1018 961 1265 1011 Θουκυδίδης
1304 963 1503 1012 ἱστόρηκεν
1533 959 1614 1000 οὐτ’

248 1030 422 1080 ’Ἔφορος
463 1032 551 1069 οὔτε
581 1027 877 1080 Ἀριστοτέλης.
936 1026 1009 1065 Ubi
1054 1041 1142 1078 ergo
1170 1042 1245 1067 non
1275 1028 1397 1067 hausit
1425 1042 1444 1066 e
1475 1028 1616 1079 Thucy-

248 1097 361 1144 dide,
398 1097 590 1147 Ephorum
625 1102 663 1133 et
692 1095 934 1133 Aristotelem
964 1095 998 1133 ei
1026 1095 1146 1134 fontes
1174 1096 1288 1135 fuisse
1317 1097 1515 1135 verisimile
1543 1101 1612 1135 est.

251 1166 294 1206 C.
326 1170 375 1205 25
408 1166 519 1204 etiam
550 1165 835 1203 Stesimbrotum
865 1165 967 1203 citat.
1022 1164 1197 1203 Ceterum
1236 1179 1281 1204 ex
1316 1170 1397 1204 toto
1425 1165 1519 1205 libro
1547 1179 1618 1216 ap—

254 1239 358 1286 paret
399 1234 640 1272 Plutarchum
676 1233 902 1284 Thucydidis
944 1233 1058 1271 libros
1100 1234 1235 1285 legisse
1278 1239 1316 1273 et
1359 1234 1447 1272 inde
1490 1248 1617 1273 conce-

257 1304 355 1355 pisse
395 1303 576 1342 iudicium
617 1303 662 1341 de
701 1303 854 1341 Periclis
892 1302 1015 1348 indole
1045 1308 1082 1341 et
1110 1303 1273 1341 moribus
1300 1303 1470 1354 aequiu5‚
1508 1316 1617 1353 quam

259 1372 469 1419 habuisset,
501 1372 533 1410 si
571 1372 681 1410 modo
709 1372 873 1422 reliquos
901 1376 1049 1410 secutus
1076 1377 1186 1411 esset.
1226 1371 1332 1423 (Cap.
1370 1374 1432 1423 15)
1468 1372 1620 1411 Periclis

256 1441 462 1492 potentiam
500 1441 651 1492 eiusque
690 1441 882 1492 potentiae
920 1445 1088 1479 naturam
1129 1440 1337 1479 describens
1375 1446 1459 1479 ante
1497 1441 1620 1480 oculos

256 1510 385 1549 habuit
423 1510 650 1561 Thucydidis
691 1510 812 1548 locum
851 1509 1088 1547 notissimum
1127 1509 1183 1547 ΙΙ.
1222 1523 1253 1547 c.
1293 1511 1342 1547 65
1352 1526 1363 1556 ;
1394 1498 1620 1561 Thucydidis

255 1585 379 1618 autem
411 1579 523 1618 robur
552 1579 732 1617 rhetorice
762 1578 989 1616 extenuavit.

312 1650 364 1686 At
388 1648 635 1699 expliciturus
659 1647 744 1685 belli
763 1647 1065 1697 Peloponnesiaci
1090 1660 1240 1693 causas,
1267 1647 1495 1697 Thucydidis
1515 1647 1621 1697 plane

258 1716 396 1755 oblitus
435 1730 513 1755 esse
551 1716 710 1754 videtur.
768 1716 842 1754 Hic
870 1715 1016 1754 brevior
1043 1720 1081 1753 et
1109 1715 1293 1753 interdum
1323 1716 1515 1754 obscurior
1543 1721 1622 1755 erat

258 1799 366 1838 quam
392 1790 434 1824 ut
462 1785 636 1824 omnibus
656 1771 833 1835 placeret.
864 1784 1087 1823 Rumoribus
1107 1789 1144 1822 et
1174 1785 1481 1832 narratiunculis,
1510 1786 1623 1825 comi-

258 1868 381 1892 corum
413 1854 510 1905 pacis
539 1855 744 1892 amantium
770 1854 833 1903 qui
863 1853 1043 1891 Periclem
1072 1854 1209 1891 civium
1243 1854 1328 1892 odio
1361 1854 1517 1893 obiicere
1545 1859 1623 1893 stu-

257 1922 410 1966 derent,
457 1922 569 1960 dictis
613 1922 766 1967 facetis,
797 1935 882 1960 vera
911 1921 1096 1971 expositio
1125 1922 1365 1972 Thucydidea
1393 1922 1527 1961 obruta
1556 1927 1622 1961 est.

258 1991 489 2029 Posteriores
529 1991 697 2028 historici
726 2004 769 2028 ex
805 1991 979 2028 Isocratis
1009 1990 1134 2028 schola
1163 1991 1342 2041 profecti,
1378 2004 1451 2029 non
1480 1991 1623 2041 simpli-

259 2059 350 2097 citer
380 2072 436 2096 res
465 2059 701 2108 exponebant
730 2059 795 2096 sed
824 2059 1003 2097 rhetorice
1030 2072 1089 2097 eas
1109 2058 1342 2109 explicabant
1360 2073 1404 2097 ex
1433 2059 1625 2097 affectibus

260 2127 373 2164 animi
402 2140 445 2165 ac
464 2127 628 2165 moribus
656 2133 694 2165 et
722 2127 847 2165 indole
877 2128 1083 2165 hominum.
1112 2126 1220 2174 Quod
1248 2127 1387 2177 placuit
1407 2129 1517 2165 etiam
1537 2127 1625 2164 Plu-

260 2196 408 2242 tarcho,
448 2195 511 2246 qui
548 2196 614 2234 hac
651 2195 688 2233 in
728 2209 772 2248 re⁴
800 2195 988 2247 Ephorum
1013 2197 1046 2246 2)
1083 2199 1233 2234 secutus
1270 2200 1336 2234 est.
1394 2195 1500 2235 Licet
1526 2196 1623 2235 enim

303 2355 331 2390 l)
354 2354 546 2391 Thucydidem
568 2354 681 2389 citavit,
704 2354 773 2391 Cap.
798 2354 825 2383 9.
850 2354 897 2384 15.
925 2354 968 2383 16.
992 2354 1040 2383 28.
1064 2354 1112 2383 33.

303 2411 331 2446 2)
357 2411 398 2438 Ut
420 2413 538 2447 apparet
560 2419 592 2438 ex
618 2410 698 2439 Diod.
721 2411 774 2438 Sic.
800 2410 867 2439 XII.
886 2410 1017 2440 38—41.

301 2467 453 2503 Postquam
478 2466 624 2504 descripsit
647 2476 744 2495 causas
767 2467 847 2501 belli,
872 2467 939 2495 dicit
962 2466 1082 2495 Αἰτίαι
1106 2464 1165 2501 μὲν
1186 2457 1244 2495 οὖν
1267 2468 1326 2494 τοῦ
1355 2465 1626 2503 Πελοποννησια-

258 2524 316 2552 κοῦ
338 2523 486 2559 πολέμου
511 2525 673 2554 τοιαῦταί
697 2535 787 2557 τινες
812 2522 973 2563 ὑπῆρξαν,
997 2523 1035 2557 ὡς
1056 2519 1202 2561 Ἐφορος
1223 2523 1400 2561 ἀνέγραψε.
1424 2525 1532 2551 Contra
1551 2524 1628 2551 Plut.

256 2580 290 2608 de
316 2581 452 2608 Herodoti
486 2582 662 2617 malignitate
692 2569 729 2617 =(st
758 2582 899 2610 credimus
921 2590 984 2609 cum
1007 2591 1066 2609 esse
1089 2582 1171 2610 huius
1205 2581 1270 2609 l1bri
1302 2587 1461 2615 auctorem,
1483 2589 1544 2616 cap.
1571 2579 1627 2615 vl)

258 2635 315 2664 ἐπὶ
338 2635 404 2664 τῶν
426 2634 697 2674 ὁμολογουμένων
718 2638 936 2675 πεπρᾶχθαι.
961 2639 1022 2675 τὴν
1046 2635 1079 2665 δ’
1114 2635 1248 2668 αἰτίαν,
1268 2634 1323 2671 ἀφ’
1351 2629 1388 2675 ἧς
1409 2637 1604 2673 πέπρηκται
1618 2657 1625 2669 ,

262 2692 319 2724 καὶ
343 2693 403 2734 τὴν
426 2692 580 2722 διάνοιαν
608 2693 752 2732 ἕχοντων
781 2691 925 2732 ἄδηλον,
955 2692 971 2723 ὁ
994 2693 1074 2732 πρὸς
1096 2693 1135 2721 τὸ
1159 2698 1272 2731 χεῖρον
1294 2693 1434 2729 εἰκάζων
1458 2692 1626 2734 δυσμενής
