1784 3201
903 240 949 282 16

234 367 371 407 ponere
400 356 558 395 voluisse
595 356 752 396 videtur.
811 357 868 395 Ex
892 357 1110 408 quibusnam
1136 356 1270 397 fabulis
1291 356 1380 398 haec
1400 351 1607 410 fragmenta

233 430 355 463 sumta
386 425 481 472 sint,
513 438 586 463 non
616 430 767 464 constat
790 425 836 476 l).

291 493 485 535 Cratinus
507 495 540 546 2)
580 495 799 534 Callimedis
831 496 931 535 filius
971 496 1213 535 Atheniensis
1251 497 1290 535 in
1325 497 1445 547 poetis
1474 510 1602 536 scenae

232 563 391 603 comicae
435 564 566 602 veteris
604 565 761 603 alteru-m
803 565 850 603 ab
894 566 1141 617 Aristophane
1186 565 1306 604 locum
1341 565 1474 603 tenuit.
1535 565 1604 604 Vir

230 632 345 670 fuisse
384 633 532 670 videtur
570 646 675 679 acer,
718 633 938 680 vehemens,
982 634 1075 672 nulli
1121 647 1273 685 parcens
1283 662 1294 679 ‚
1345 632 1603 683 Aristophanis

231 701 412 739 suavitate
441 714 578 740 carens.
613 701 705 740 Eius
728 705 1020 754 Χειμαζὸμενοι
1050 707 1086 741 et
1105 708 1282 754 Σάτυροι
1299 733 1308 749 ,
1337 701 1446 740 huius
1469 701 1603 740 fabulis

232 773 435 822 Λχαρνεῒς
484 774 521 807 et
565 771 709 820 Ἷππῆς
747 771 866 808 victae
905 775 1011 816 sunt3
1050 784 1159 808 senex
1198 774 1321 808 autem
1358 769 1397 807 in
1441 773 1602 823 Πυτίνη

231 838 404 875 revixisse
448 837 645 876 videbatur
687 844 723 876 et
765 838 867 876 illius
911 837 1146 889 ''Nemaea''
1191 838 1293 876 vicit.
1351 838 1436 877 vid.
1466 839 1595 889 Equit.

231 908 308 944 520
344 919 423 956 sqq.

286 974 511 1013 Plutarchus
554 987 643 1012 usus
681 979 738 1012 est
775 974 853 1012 eius
889 973 1010 1012 fabula
1049 973 1225 1025 inscripta
1257 978 1454 1026 Χείρωνες
1482 987 1597 1025 quae,

231 1049 275 1083 ut
319 1044 414 1091 dixi,
468 1044 607 1094 scripta
650 1048 708 1082 est
749 1043 788 1081 in
826 1043 1020 1082 Periclem.
1091 1042 1269 1093 Legimus
1313 1057 1391 1093 cap.
1434 1043 1509 1081 ΙΙΙ.
1559 1045 1595 1082 2.

229 1117 381 1159 Στάσις
420 1115 462 1153 δὲ
507 1117 573 1153 καὶ
614 1116 879 1165 πρεσβυγενὴς
918 1116 1068 1164 Κρόνος
1108 1113 1310 1162 ἀλλήλοισι
1348 1114 1506 1163 μιγέντε
1534 1114 1634 1162 μέ·,

230 1198 365 1231 γιστον
388 1185 568 1222 τίκτετον
589 1185 801 1231 τύραννον,
824 1184 870 1222 ὃν
893 1183 938 1231 δὴ
962 1181 1275 1232 κεφαληγερέταν
1295 1185 1379 1220 θεοὶ
1398 1182 1594 1221 καλέουσι.

231 1248 335 1296 Quae
364 1249 474 1287 verba
503 1249 556 1287 sic
584 1250 803 1299 explicanda
833 1254 940 1300 puto,
982 1250 1182 1287 factionum
1212 1250 1431 1296 certamina,
1463 1250 1596 1300 quibus

231 1331 347 1355 novae
389 1330 445 1355 res
484 1317 600 1355 factae
638 1322 746 1364 sunt,
783 1323 821 1355 et
851 1322 954 1355 vetus
981 1322 1149 1367 tempuS‚
1188 1318 1212 1356 i.
1239 1331 1269 1356 e.
1314 1318 1472 1367 spatium
1502 1318 1597 1355 mul-

230 1391 352 1424 torum
381 1398 584 1432 annorum,
614 1398 686 1435 quo
716 1385 852 1423 sensim
874 1385 953 1423 eius
973 1385 1173 1423 auctoritas
1193 1386 1373 1432 accrevit,
1398 1385 1595 1423 maximum

229 1460 425 1506 tyrannum
448 1458 686 1504 pepererunt,
706 1467 814 1504 quem
835 1453 1043 1504 capitonem
1069 1460 1201 1492 vocant
1226 1441 1290 1492 dii.
1319 1458 1469 1506 χρόνος,
1489 1458 1596 1505 παρὰ

228 1526 468 1576 προςδοκίαν
511 1522 653 1560 dietum
693 1536 758 1572 pro
788 1526 938 1575 Κρόνος
967 1527 1107 1573 spectat
1135 1523 1180 1561 ad
1211 1522 1362 1561 Periclis
1391 1536 1594 1573 cognomen

227 1593 464 1643 Olympium3
497 1597 533 1629 et
561 1592 714 1629 fortasse
743 1592 942 1642 legendum
973 1597 1027 1630 est
1053 1596 1220 1644 Κρόνος,
1250 1596 1289 1629 et
1314 1591 1407 1629 nihil
1438 1591 1595 1641 amplius

227 1662 354 1700 subest
377 1661 425 1708 3).

273 1806 301 1842 1)
326 1805 388 1833 vid.
413 1804 503 1834 Cobet
525 1804 553 1833 in
578 1804 652 1834 Plan.
674 1814 698 1834 c.
722 1804 773 1834 rel.
796 1813 825 1841 p.
851 1804 899 1832 16.

271 1862 300 1898 2)
326 1862 368 1889 De
390 1870 422 1889 eo
445 1860 501 1889 vid.
518 1861 620 1894 Cobet,
645 1860 665 1889 1.
681 1860 698 1889 Ι.
718 1861 731 1888 1
756 1868 816 1897 sqq.
838 1859 886 1896 qui
907 1859 957 1887 hos
980 1859 1054 1887 locos
1068 1858 1152 1886 affert
1168 1859 1303 1887 Platonii:
1330 1860 1410 1899 περὶ
1434 1860 1595 1899 διαφορᾶς

228 1920 446 1958 χαρακτήρων
469 1927 495 1954 p.
519 1916 556 1947 27
580 1916 608 1944 in
634 1915 708 1945 Edit.
731 1915 820 1944 Arist.
853 1915 970 1944 Invern.
1004 1914 1169 1955 Κρατῖνος
1196 1915 1212 1944 ὁ
1234 1920 1291 1954 τῆς
1313 1916 1457 1951 παλαιᾶς
1482 1927 1592 1956 κωμῳ-

230 1977 308 2009 δίας
329 1976 471 2014 ποιητὴς
494 1974 553 2002 ἅτε
579 1972 623 2011 δὴ
649 1974 704 2000 καὶ
729 1973 771 2000 τὰ
793 1973 852 2001 τοῦ
873 1969 1084 2012 Ἀρχιλόχσυ
1107 1971 1259 2012 ζηλώσας
1276 1973 1418 2013 αὐσηρὸς
1440 1972 1499 2010 μὲν
1521 1980 1595 2008 ταῖς

229 2031 412 2072 λοιδορίαις
440 2030 512 2060 ἐστὶ
543 2046 580 2050 -—
609 2028 721 2063 ἁπλῶς
751 2030 808 2058 καὶ
839 2029 926 2058 κατὰ
955 2030 1016 2068 τὴν
1048 2031 1232 2069 παροιμίαν
1262 2034 1370 2069 γυμνῇ
1396 2034 1439 2069 τῇ
1466 2030 1595 2069 κεφαλῇ

229 2090 345 2127 τίθησι
367 2089 427 2121 τὰς
448 2086 667 2125 βλασφημίας
697 2086 782 2114 κατὰ
809 2085 872 2114 τῶν
898 2085 1170 2125 ἁμαρτανόντων.
1214 2086 1318 2114 Incerti
1342 2087 1464 2115 auctoris
1486 2086 1519 2114 de
1541 2086 1595 2115 Co-

229 2144 319 2174 moed.
349 2153 411 2182 pag.
444 2142 578 2172 xxxin.
615 2139 876 2179 Ἐπιγενὸμενος
906 2140 945 2170 δὲ
969 2142 985 2170 ὁ
1009 2141 1176 2182 Κρατῖνος
1201 2159 1235 2163 —-
1270 2143 1316 2182 τῷ
1350 2144 1502 2181 χαρίεντι
1537 2146 1594 2180 τῆς

228 2201 400 2240 κωμῳδίας
423 2200 462 2228 τὸ
496 2198 659 2234 ὠφέλιμον
689 2198 895 2238 aquei-9716,
926 2199 1004 2232 τοὺς
1029 2199 1135 2232 κακῶς
1157 2211 1187 2235 τι
1212 2200 1421 2238 πράττοντας
1446 2199 1577 2235 διαβάλ

228 2257 289 2285 λων
314 2257 370 2284 καὶ
396 2255 505 2295 ὥσπερ
532 2255 675 2294 δημοσίᾳ
703 2255 839 2293 μάστιγι
866 2258 909 2294 τῇ
936 2255 1092 2294 κωμῳδίᾳ
1120 2255 1280 2293 κολάζων.

270 2314 298 2349 3)
316 2313 344 2341 Si
366 2312 480 2353 χρόνος
498 2312 634 2349 legimus,
656 2311 707 2340 hoc
722 2314 849 2348 spectare
871 2311 994 2346 videtur,
1018 2314 1134 2340 auctore
1149 2311 1257 2345 Curtio,
1275 2310 1308 2339 ad
1326 2310 1446 2340 Periclis
1464 2313 1595 2339 naturam

226 2370 442 2397 democraticum
464 2371 491 2395 et
514 2367 750 2395 aristocraticam.
793 2366 956 2404 Thucydide
978 2367 1074 2404 pulso,
1099 2370 1247 2404 postquam
1270 2365 1344 2393 cives
1368 2365 1473 2393 taeduit
1498 2365 1594 2393 sactio-

229 2436 311 2459 uum,
340 2424 462 2454 Pericles
483 2424 613 2462 princeps
645 2423 734 2452 sactus
764 2426 819 2452 est:
855 2423 937 2453 huius
959 2427 1055 2453 nutem
1077 2424 1252 2462 principatus
1277 2423 1400 2457 Στάσις
1423 2427 1514 2451 mater
1537 2432 1595 2451 esse

226 2481 346 2515 dicitur3
380 2484 408 2508 et
440 2480 558 2519 χρόνος
591 2482 787 2516 repraesentat
821 2480 943 2515 priscum
976 2488 1079 2515 geum,
1114 2479 1187 2507 unde
1216 2484 1295 2507 ortus
1318 2483 1395 2512 erat,
1418 2482 1446 2507 et
1469 2481 1593 2507 vetusta-

226 2540 285 2566 tem
310 2545 394 2575 quam
427 2535 587 2565 verebatur.
632 2533 677 2564 Sic
711 2534 767 2563 sere
798 2535 917 2574 explicat
951 2535 1078 2565 Curtius.
1111 2534 1151 2565 ΙΙ.
1182 2545 1208 2574 p.
1234 2535 1291 2565 186
1314 2538 1342 2565 et
1365 2545 1431 2566 ann.
1472 2544 1499 2574 p.
1524 2534 1597 2565 891.

228 2595 390 2631 Utrumque
424 2597 532 2630 tempus
564 2593 593 2621 in
616 2593 725 2621 Pericle
746 2593 926 2621 coniunctum
950 2602 1008 2621 esse
1031 2597 1059 2620 et
1081 2594 1218 2630 priscum,
1243 2597 1271 2621 et
1294 2592 1402 2622 recens.
1447 2592 1521 2621 Fieri
1545 2601 1593 2629 po·

227 2653 282 2677 test
305 2652 335 2677 ut
359 2648 412 2676 viri
434 2648 509 2676 docti
531 2648 559 2675 in
582 2648 633 2675 hac
658 2656 723 2675 voce
746 2647 829 2684 plura
852 2650 975 2684 ponant,
998 2656 1082 2685 quam
1105 2647 1133 2675 in
1153 2656 1184 2674 ea
1207 2647 1253 2676 sit.
1298 2647 1415 2675 Curtius
1437 2646 1515 2675 citat.
1541 2646 1593 2682 Ly-

228 2704 285 2733 siae
317 2704 408 2734 locum
440 2704 490 2734 VI.
527 2703 572 2732 lO.
617 2703 740 2734 Καίτοι
765 2703 936 2745 Περικλέα
966 2704 1050 2734 ποτέ
1082 2714 1160 2739 φασι
1183 2704 1381 2745 παραινέσαι
1406 2703 1484 2740 ὑμῖν
1509 2703 1586 2744 περὶ
