1784 3201
943 225 992 262 38

941 405 989 444 V.

334 539 472 577 Eodem
496 545 693 590 praeeunte
718 541 768 580 ib.
796 555 825 580 c.
847 539 912 580 312
936 545 958 580 2
989 543 1041 581 sic
1060 543 1144 593 lego
1169 545 1485 595 προσδεξαμένου
1506 546 1547 584 δὲ
1577 549 1644 584 τοῦ

280 609 404 659 δὴμου
433 613 502 649 τὸν
531 614 750 661 ἄνθρωπον
785 614 826 651 ἐν
861 613 1047 665 ἐκκλησίᾳ
1080 615 1145 652 καὶ
1176 613 1389 664 γενομένης
1419 614 1598 659 διώξεως.

926 762 991 800 VI.

329 881 471 921 Cobeto
500 883 640 933 legenti
670 884 847 922 assentior
873 884 921 924 ib.
946 899 974 924 c.
1006 886 1078 931 13,
1110 886 1413 938 ἀναγέγραπται
1443 898 1508 936 pro
1538 884 1639 926 εἶναι

275 955 524 1006 γέγραπται.’

913 1052 1003 1092 VII.

329 1171 375 1209 In
405 1171 527 1210 verbis
557 1185 650 1224 quae
682 1177 831 1212 exstant
859 1173 910 1212 ib.
941 1187 971 1212 c.
1007 1174 1067 1212 16.
1104 1175 1126 1210 2
1159 1177 1255 1225 μετὰ
1283 1179 1354 1225 τὴν
1389 1175 1638 1215 Θουκυδίδου

274 1242 490 1282 κατάλυσιν
521 1247 587 1281 καὶ
616 1245 685 1284 τὸν
713 1245 969 1295 ὀστράκισμον
1001 1242 1173 1281 mendum
1205 1247 1272 1281 est.

898 1396 1010 1435 VIII.

324 1531 427 1578 Quae
456 1531 631 1581 leguntur
668 1533 719 1571 ib.
751 1547 781 1571 c.
814 1534 848 1572 7.
878 1534 900 1570 3
929 1537 951 1573 ό
980 1536 1021 1574 δὲ
1053 1537 1119 1573 καὶ
1149 1540 1215 1573 τοῦ
1247 1535 1369 1584 δήμου
1399 1538 1442 1573 τὸ
1477 1537 1634 1586 συνεχὲς

269 1604 420 1650 φεύγων
465 1605 530 1640 καὶ
575 1604 643 1641 τὸν
684 1606 815 1652 κόρον,
856 1602 939 1642 οἷον
980 1605 1021 1641 ἐκ
1052 1602 1341 1652 διαλειμμάτων
1374 1603 1633 1653 ἐπλησίαζεν,

267 1669 538 1707 emendationis
566 1669 749 1719 indigent.

915 1759 985 1799 IX.

321 1894 432 1942 Quod
464 1895 653 1934 ridebatur
676 1895 835 1935 Pericles
863 1910 884 1934 a
913 1896 1084 1945 comicis,
1120 1896 1199 1935 eius
1228 1896 1419 1948 potentiae
1446 1897 1628 1947 perpetui-

265 1965 334 2003 tati
362 1979 435 2004 non
470 1966 603 2004 obfuit.

926 2050 974 2088 X.

318 2187 539 2225 scholiastes
571 2186 617 2225 ad
653 2187 794 2237 Vespas
832 2199 884 2225 vs,
920 2186 993 2224 947
1045 2190 1195 2225 auctore
1233 2186 1433 2225 Idomeneo
1474 2199 1626 2225 narrans

262 2255 535 2305 Thucydidem,
587 2256 762 2293 Melesiae
808 2256 953 2302 filium,
1006 2260 1216 2293 accusatum
1260 2255 1357 2305 quod
1404 2255 1627 2304 prodidisset

263 2323 478 2373 Graeciam,
523 2324 696 2375 punitum
727 2337 804 2363 esse
832 2326 1020 2376 ἀειφυγίᾳ
1051 2329 1090 2364 et
1122 2325 1301 2364 bonorum
1331 2325 1625 2377 proscriptione,

260 2393 331 2441 fide
362 2393 541 2443 indignus
569 2399 637 2432 est.

907 2476 980 2516 XI.

313 2614 421 2653 Falso
451 2615 629 2653 creditum
660 2619 734 2662 est,
765 2614 844 2665 lege
871 2620 1039 2653 sanetum
1070 2615 1182 2654 fuisse
1216 2620 1257 2655 ut
1287 2616 1416 2655 comici
1455 2615 1625 2654 luderent

257 2698 513 2735 quemcunque
550 2684 701 2722 vellent.
